2804 4778
599 221 797 284 ..ss-

112 393 168 450 vol.
189 391 273 449 Herc.
294 387 347 448 Ox.
366 390 388 449 Ι.
412 381 588 469 roa-23),
607 387 753 446 Demetrii
773 388 808 446 de
827 386 973 462 poematis
991 386 1100 445 librum
1121 390 1281 448 secundum

110 479 190 557 quod
209 479 347 539 continet.
385 478 544 537 editionem
563 479 724 553 paraverat
741 476 947 552 Lucignanus3
970 476 1045 535 hanc
1067 475 1099 533 in
1122 478 1197 536 uotis
1216 498 1281 537 aca-

112 570 227 628 demiae
241 568 459 644 Neapolitanae
477 570 626 642 repertam
645 565 757 642 publici
774 565 847 624 iuris
862 566 931 624 fecit
946 565 1119 624 Barnabeus
1134 557 1283 646 (giornalc

112 659 193 734 degli
216 658 297 717 scari
315 657 345 716 Il
363 678 392 733 p.
413 647 532 737 65sq.).
569 654 685 714 addidit
708 655 761 713 ille
787 654 963 714 schedarum
986 655 1174 715 collationem
1198 675 1283 716 suam

112 766 237 824 eamque
263 746 538 824 diligentissimam,
565 763 641 821 quae
666 744 804 820 plurimis
829 745 902 803 locis
929 762 996 802 cum
1023 745 1121 803 fructu
1148 745 1284 805 adhiberi

111 838 221 912 potest.
258 835 438 912 gravissima
460 834 631 910 fragmenta
654 833 788 891 restitnit
806 833 954 911 Bergkius
977 834 1008 890 in
1032 834 1224 894 adnotatione
1246 836 1283 894 ad

111 925 216 985 Alcaei
239 925 443 1002 fragmentum
467 923 750 999 quinquagesimum
774 921 857 981 Poet.
882 923 938 998 lyr.
962 924 984 982 t.
1002 917 1062 980 ΙΠ4
1084 942 1111 997 p.
1133 926 1195 983 168
1208 944 1250 999 sq.
1259 916 1283 1005 ¹)

111 1017 290 1090 argumento
313 1013 361 1073 hic
381 1013 502 1072 libellus
521 1012 712 1088 coniungitur
736 1030 802 1070 curn
825 1011 911 1070 libris
935 1007 1007 1085 περὶ
1026 1008 1155 1086 λέξεως,
1180 1015 1284 1089 quales

110 1103 182 1163 inde
209 1123 228 1161 a
256 1103 463 1178 Theophrasto
490 1102 635 1177 plurimos
664 1101 823 1160 ediderunt
850 1101 995 1159 rhetores.
1040 1101 1123 1175 prior
1150 1121 1220 1176 pars
1248 1104 1284 1162 de

111 1192 316 1268 conpositione
344 1195 403 1251 est:
432 1187 596 1265 cdvbecpor
621 1181 826 1271 (fr.x1v)²)‚
857 1181 1061 1248 ἀνυπότακτα
1081 1185 1131 1271 (fr.
1150 1191 1185 1252 X.
1205 1185 1284 1271 XV),

113 1276 285 1355 εημαντικά
301 1274 330 1358 (f
344 1272 419 1361 XI)
437 1282 614 1340 tractantur.
647 1279 744 1337 altera
761 1297 831 1354 pars
851 1282 897 1338 est
915 1280 952 1338 de
971 1279 1076 1354 figuris
1095 1280 1283 1341 elocutionis:

111 1365 345 1445 ὀνοματοποιία
355 1364 405 1449 (fr.
416 1369 496 1428 XXI.
505 1367 632 1446 XXHI),
647 1361 861 1442 ἀντονοματία
873 1360 921 1440 (fr.
933 1368 1023 1426 XXV.
1032 1369 1140 1428 XXVI.
1149 1361 1285 1451 XXVII),

112 1454 288 1534 μετάληψι(
308 1451 358 1539 (fr.
378 1453 490 1538 XXIX)
511 1458 698 1534 explicantur
721 1457 833 1516 crebris
857 1456 999 1516 adhibitis
1023 1461 1179 1533 poetarum
1204 1460 1284 1518 locis.

111 1549 248 1608 libellum
271 1548 350 1606 hunc
374 1547 527 1606 Demetrio
551 1547 596 1605 illi
619 1546 764 1622 Byzantio
788 1544 904 1622 deberi,
928 1546 1012 1605 cuins
1036 1547 1153 1606 alibro
1178 1553 1284 1623 quarto

113 1634 187 1712 περὶ
201 1631 388 1711 ποιημάτων
407 1637 466 1695 tria
485 1635 617 1696 servavit
635 1636 804 1712 fragmenta
820 1627 1036 1716 Athenaeus³)‚
1055 1655 1143 1711 quem
1163 1636 1286 1696 adhibet

113 1727 303 1786 Philodemus
323 1727 341 1785 l.
361 1725 389 1783 V
408 1727 461 1785 col.
482 1728 499 1785 9
526 1717 602 1806 (On.
620 1723 652 1782 II
673 1727 750 1800 1703
777 1724 836 1784 rol.
855 1723 942 1784 Herc.
962 1721 1014 1785 Ox.
1034 1725 1064 1783 II
1085 1717 1163 1806 127)
1187 1745 1222 1786 vs
1242 1728 1311 1805 34χ

114 1818 210 1890 -35,
230 1814 396 1892 Lucignani
415 1819 461 1874 est
479 1814 648 1874 coniectura
666 1814 794 1888 probata
810 1813 983 1888 Gomperzio
1004 1816 1034 1873 ct
1049 1806 1203 1896 aeotriof)
1235 1834 1284 1875 ne-

113 1925 172 1982 que
190 1905 263 1963 mihi
282 1905 313 1963 in
331 1903 508 1981 fragmentis
528 1902 656 1963 occurrit
674 1902 753 1978 quod
773 1902 892 1962 obstare
911 1902 1072 1963 videretur.

204 1994 370 2054 Philodami
392 1993 538 2052 librorum
562 1994 741 2068 argumenta
759 2010 777 2050 a
796 1991 970 2067 Gomperzio
994 1992 1129 2068 exposita
1149 1995 1286 2069 repetere

114 2084 192 2143 nolo.
229 2083 261 2142 in
285 2083 411 2158 singulis
431 2082 609 2158 quibusdam
631 2081 683 2140 ille
707 2081 778 2157 quid
803 2082 945 2141 statuerit
967 2082 997 2139 in
1023 2082 1215 2158 sequentibus
1235 2083 1285 2142 ad-

113 2172 269 2232 ferendum
290 2172 354 2231 erit.

203 2262 264 2321 iam
283 2261 436 2322 volumina
454 2260 665 2337 adgrediamur
683 2279 759 2336 quae
780 2259 843 2319 sine
861 2259 1015 2335 scriptoris
1035 2261 1153 2320 nomine
1174 2261 1286 2320 tradIta

115 2359 197 2426 sunt,
221 2353 259 2411 ab
282 2351 325 2409 eis
347 2349 475 2427 profecti
498 2369 575 2426 quae
597 2350 628 2410 in
652 2352 759 2426 quarto
779 2348 838 2409 CA.
858 2349 1008 2410 volumine
1029 2369 1092 2425 ap.
1111 2352 1284 2411 109-208

115 2442 266 2517 leguntur.
303 2458 373 2498 nam
391 2440 422 2498 in
441 2439 487 2498 his
507 2439 657 2498 cardinem
676 2440 791 2499 versari
811 2439 904 2498 totius
924 2439 1107 2515 quaestionis
1128 2441 1201 2500 beno
1220 2461 1285 2516 per·

117 2531 214 2607 spexit
237 2520 472 2609 Gomperzirrs.⁵)
507 2529 651 2606 leguntur
677 2528 720 2589 ibi
746 2528 875 2605 paginae
900 2528 1064 2588 incolumes
1090 2529 1139 2589 vel
1165 2548 1286 2589 mancae

116 2624 236 2679 centum
254 2621 286 2677 et
304 2618 467 2678 duodecim.
500 2619 655 2677 columnae
673 2621 819 2678 vocantur
838 2618 875 2677 ab
891 2618 1055 2677 editoribus
1071 2618 1287 2694 Neapolitanis,

116 2709 202 2784 quasi
220 2707 365 2783 pristinus
385 2710 522 2767 servatus
542 2707 581 2766 sit
596 2708 772 2767 schedarum
787 2707 867 2768 ordo.
900 2711 931 2766 at
950 2708 1028 2766 hunc
1047 2708 1203 2766 turbatum
1222 2728 1287 2767 csse

117 2797 215 2874 quivis
233 2797 356 2874 videbit,
375 2797 426 2856 ubi
440 2797 571 2873 primum
585 2797 767 2875 indigestam
781 2797 857 2856 hanc
871 2797 979 2854 molem
994 2796 1166 2872 inspexerit.
1197 2798 1287 2856 immo

116 2906 175 2946 non
195 2886 281 2944 unius
296 2886 384 2945 modo
400 2888 450 2944 sed
465 2887 594 2962 quinque
609 2886 794 2946 voluminum
814 2885 967 2963 relliquias
987 2885 1151 2944 conmixtas
1172 2905 1237 2946 esse
1256 2888 1287 2945 in

116 2976 212 3035 indice
239 2975 426 3034 voluminum
450 2974 509 3035 CA.
529 2975 572 3033 XI
596 2976 657 3051 pl
681 2966 883 3052 adnotatur.⁶)
921 2973 1113 3050 Gomperzius
1141 2977 1198 3035 hoc
1223 2996 1288 3051 pre-

117 3085 198 3124 mere
221 3064 330 3141 noluit3
354 3065 524 3140 fragmenta
548 3065 660 3144 omnia,
683 3065 715 3124 in
738 3065 848 3140 quibus
872 3064 964 3122 trium
988 3083 1020 3123 se
1039 3065 1198 3143 agnovisse
1217 3067 1287 3124 scri-

119 3156 223 3213 barum
242 3173 348 3213 manus
367 3153 453 3229 dicIt,
477 3154 528 3212 uni
552 3155 667 3214 auctori
690 3153 849 3213 tribuenda
872 3155 980 3212 censet.
1019 3154 1070 3212 sed
1094 3152 1173 3212 idem
1190 3153 1222 3212 in
1241 3155 1288 3213 his

118 3243 323 3318 oppositarum
342 3243 513 3303 scholarum
535 3244 665 3319 vestigia
688 3243 752 3319 ipse
776 3243 901 3301 detexIt:
926 3262 956 3318 p.
977 3244 1039 3302 206
1064 3242 1223 3302 manifesto
1246 3243 1288 3301 in-

116 3333 252 3391 ridentur
280 3332 432 3408 Epicnrei3
461 3334 519 3391 alia
545 3333 752 3392 Philodemnm
782 3331 906 3406 prodere
934 3331 1082 3390 videntur.
1119 3331 1287 3407 circumspi-

117 3422 221 3481 cienda
243 3422 338 3498 igitur
362 3425 450 3492 erunt
473 3422 616 3499 vestigia,
640 3422 717 3480 unde
740 3439 816 3497 quae
839 3421 919 3480 inter
943 3438 974 3479 se
997 3421 1186 3493 conveniant,
1211 3442 1288 3497 quac

117 3511 215 3570 aliena
239 3511 300 3570 sint
323 3514 451 3587 constet,
475 3513 562 3570 utin
586 3512 720 3588 singulas
744 3512 846 3586 partes
870 3509 917 3567 hic
936 3528 1060 3568 acervus
1079 3509 1288 3601 distribuatur.

209 3619 300 3677 qnare
334 3621 422 3678 quam
455 3600 682 3660 adcuratissime
715 3603 865 3658 externam
894 3599 1132 3674 fragmentorum
1161 3601 1289 3675 speciem

117 3690 298 3763 examinavi,
331 3692 519 3767 pagellarum
547 3689 693 3749 ambitum
721 3707 857 3748 emensus
886 3706 969 3764 sum,
1002 3689 1185 3764 computavi,
1218 3694 1291 3766 quot

211 3845 236 3908 1)
255 3842 362 3914 fugisse
381 3843 434 3898 hoc
452 3843 563 3897 videtur
582 3840 728 3896 Suettium.

207 3916 234 3983 2)
255 3915 380 3969 ordinem
399 3931 500 3983 sequor
513 3929 595 3982 quem
611 3932 625 3968 e
640 3913 768 3983 vestigiis
786 3913 816 3967 in
834 3910 898 3982 ipsa
911 3929 1016 3982 papyro
1036 3912 1193 3983 conspicuis
1212 3914 1290 3968 resti·

116 3985 173 4039 tuit
191 3985 353 4040 Barnabeus
372 3986 390 4040 l.
411 4003 432 4039 s.

207 4061 234 4126 3)
255 4059 288 4113 ct'.
308 4057 443 4110 Mdllerus
461 4056 535 4111 ΓΗΘ
553 4055 580 4108 Il
598 4062 650 4111 624
670 4055 732 4110 adn.
750 4063 773 4110 1.

207 4131 234 4196 4)
254 4129 288 4183 of.
307 4129 422 4183 Wiener
441 4127 558 4181 Studien
576 4127 603 4179 Il
624 4132 685 4193 1423
706 4128 788 4182 catal.
807 4145 833 4196 1).
850 4133 892 4182 32.

206 4201 233 4270 5)
253 4200 367 4254 Studien
387 4199 405 4254 l.
425 4218 445 4254 s.

207 4275 234 4340 6)
254 4272 308 4339 „lV
327 4275 475 4326 roa—208
494 4273 568 4340 (pap.
584 4287 609 4324 n.
626 4276 686 4325 444.
702 4277 762 4327 460.
777 4276 838 4326 463.
857 4273 1029 4340 retemta)
1048 4270 1220 4326 voluminum
1241 4290 1289 4340 pa-

117 4342 209 4412 gellae
221 4359 316 4396 omnes
331 4345 442 4411 praeter
456 4341 585 4398 ultimam
600 4344 755 4412 perlerunt:
771 4360 842 4412 quae
858 4343 957 4397 melius
971 4343 1131 4412 fragmenta
1145 4343 1290 4417 dicendae,

107 4429 174 4460 cum
191 4429 251 4463 non
268 4413 330 4465 sint
347 4413 525 4470 continuae“.
