2804 4778
598 199 819 262 ..14-

118 368 215 426 mulas
234 367 412 427 invenerunt
429 365 560 444 posteris
580 365 718 424 omnibus
738 365 920 423 decantatas.
929 355 954 445 ¹)
992 363 1171 423 Aristoteles
1194 366 1296 424 autem

120 461 150 516 et
174 447 400 537 Peripatetiui2)
426 475 486 516 non
509 455 547 513 ad
573 473 623 514 eas
650 472 744 530 usque
772 453 925 514 doctrinae
951 457 1153 529 pervenerunt
1178 453 1296 512 subtili-

119 549 211 620 tates,
230 546 339 623 quibus
358 545 444 605 nobis
463 563 545 605 nunc
563 563 638 620 opus
659 548 712 603 est.

209 627 332 714 Stoicil)
351 635 447 710 igitur
460 653 478 692 a
491 637 594 693 mente
612 632 763 708 loquentis
784 632 883 692 emitti
901 633 1068 692 docuerunt
1082 632 1221 707 spiritum
1237 651 1295 708 quo

119 725 240 801 pulsum
264 743 363 784 aerem
388 724 509 782 auribus
534 722 668 784 accidere
691 721 886 781 audientium.
928 740 1101 797 corpoream
1125 721 1297 780 habuerunt

119 832 234 887 vocem,
259 816 295 872 ut
320 831 396 889 quae
420 831 507 872 aures
526 812 616 872 feriat
634 804 831 891 hominum.⁴)
869 812 1005 870 auditum
1025 811 1127 869 dicunt
1146 810 1296 886 spiritum,

120 903 171 978 qui
190 905 228 962 ab
247 903 369 961 auribus
388 920 483 977 usque
503 902 540 959 ad
561 901 653 960 animi
672 903 790 976 partem
813 901 897 958 illam
920 900 1127 976 principalem,
1152 918 1241 975 quam
1264 899 1296 956 in

120 991 208 1050 corde
228 992 448 1052 collocaverunt
465 992 514 1049 vel
533 990 564 1049 in
584 981 726 1071 capite⁵)‚
744 990 926 1067 porrigatur.
958 990 1036 1048 hunc
1051 989 1164 1049 moveri
1179 1009 1247 1049 cum
1266 989 1297 1046 in

119 1099 208 1140 aures
231 1082 324 1140 intret
348 1099 416 1152 vox,
441 1099 517 1156 quae
542 1079 681 1138 similiter
703 1082 738 1138 ut
761 1079 793 1137 in
816 1097 915 1139 ceram
940 1080 1047 1137 anulus
1068 1079 1224 1139 verborum
1243 1078 1295 1136 im-

119 1171 231 1244 primat
249 1161 479 1247 characteree.⁶)

115 1285 118 1290 ·
209 1259 297 1318 aliter
319 1278 382 1317 rem
406 1258 463 1318 sibi
486 1258 618 1333 fingebat
641 1257 798 1333 Epicurus.
807 1249 832 1336 ⁷)
874 1259 925 1318 ille
956 1256 1053 1318 noluit
1076 1275 1147 1315 aera
1170 1255 1296 1314 feriria

120 1348 228 1424 spiritu
256 1367 344 1424 quem
374 1348 488 1408 edimus
516 1347 686 1423 loquenteS,
718 1348 769 1407 sed
797 1347 876 1407 huno
903 1348 1002 1422 ipsum
1030 1346 1144 1404 fluxum
1166 1365 1255 1422 quem
1280 1364 1296 1404 e

120 1440 242 1513 pectore
266 1442 301 1496 ut
322 1456 425 1498 vocem
449 1436 615 1496 emittimus
640 1436 755 1496 servari
778 1437 905 1495 credidit
923 1439 954 1495 et
972 1435 1099 1512 perferri
1118 1435 1157 1494 ad
1175 1434 1294 1493 audien·

119 1527 198 1585 tium
217 1545 314 1602 aures,
333 1527 463 1589 divisum
485 1525 605 1602 quidem
624 1525 655 1583 iu
674 1526 846 1600 aequalium
864 1526 997 1602 partium
1015 1525 1199 1601 corpuscula,
1219 1543 1295 1599 quae

121 1618 224 1675 tamen
250 1619 281 1675 et
303 1617 381 1676 inter
406 1617 582 1675 seinvicem
603 1616 719 1674 etcum
740 1634 791 1674 ore
811 1616 990 1675 cohaereant
1008 1615 1168 1690 loquentis.
1202 1613 1296 1673 labris

121 1823 203 1890 ἀέρος
222 1823 377 1890 ἐγκεφάλου
396 1839 427 1877 τε
446 1824 490 1875 καί
510 1822 626 1888 αἵματος
644 1823 720 1889 μέχρι
739 1828 831 1888 ψυχῆς
847 1826 958 1890 πληγὴν
977 1822 1180 1890 διαδιδομένην,
1198 1824 1253 1889 τὴν
1271 1822 1296 1875 δ’

120 1895 167 1948 ὑπ’
186 1897 272 1962 αὐτῆς
291 1894 407 1960 κίνηςιν,
431 1895 486 1948 ἀπὸ
510 1898 561 1960 τῆς
584 1897 707 1960 κεφαλῆς
732 1895 781 1959 μέν
800 1895 970 1962 ἀρχομένην,
993 1898 1165 1947 τελευτῶςαν
1185 1894 1215 1946 δέ
1233 1895 1296 1960 περί

120 1968 174 2032 τὴν
192 1971 244 2019 τοί)
263 1969 371 2032 ἥπατος
389 1967 485 2032 ἕδραν,
510 1965 605 2032 ἀκοήν.
643 1964 740 2018 Aetius
760 1964 860 2036 [Plut]
880 1964 952 2034 plac.
972 1965 1012 2018 lV
1032 1970 1072 2018 19.
1093 1983 1119 2033 p.
1138 1960 1207 2019 407¹>
1222 1978 1247 2016 aa
1264 1963 1294 2018 D.

120 2038 243 2091 Πλάτων
262 2040 314 2103 τὴν
334 2040 434 2104 φωνὴν
454 2035 573 2103 ὁρίζεται
591 2041 700 2101 πνεῦμα
719 2037 764 2090 διά
783 2038 918 2102 ςτόματος
937 2037 1002 2090 ἀπὸ
1022 2035 1174 2089 διανοίας
1196 2037 1296 2102 ἠγμέ·

120 2126 180 2161 νον
203 2111 248 2161 καί
270 2111 380 2175 πληγὴν
403 2109 457 2161 ὑπὸ
481 2108 563 2173 ἀέρος
586 2108 621 2159 δι’
644 2108 726 2161 ὤτων
754 2110 799 2160 καί
827 2109 983 2175 ἐγκεφάλου
1012 2110 1056 2160 καί
1080 2107 1196 2172 αἳματος
1220 2108 1298 2173 Ιμέχρι

121 2183 214 2246 ψυχῆς
233 2181 435 2245 διαδιδομένην.
472 2178 546 2231 idem
561 2177 598 2230 IV
616 2182 656 2232 16.
672 2184 724 2231 406
737 2178 782 2234 D.:
801 2179 923 2232 Πλάτων
940 2181 984 2232 καί
1004 2179 1030 2232 οἱ
1049 2179 1096 2232 ἀπ’
1111 2180 1198 2232 αὐτοῦ
1212 2179 1296 2244 πλήτ-

122 2255 213 2305 τεςθαι
237 2252 288 2304 τδν
312 2250 341 2303 ἐν
364 2256 399 2319 τῇ
424 2253 530 2317 κεφαλῇ
555 2250 632 2316 ἀέρα.
668 2254 772 2303 τοῦτον
796 2251 820 2303 δ’
839 2252 1005 2304 ἀνακλάςθαι
1029 2249 1067 2304 είς
1089 2251 1125 2303 τά
1146 2250 1297 2317 ἡγεμονικά

123 2325 167 2375 καί
184 2321 305 2387 γίνεςθαι
322 2326 373 2388 τῆς
386 2321 477 2394 ,ἀκοῆς
495 2323 547 2387 τὴν
567 2321 695 2387 αίςθηςιν.
733 2320 767 2377 cf.
786 2324 931 2389 praeterea
951 2321 1091 2391 Theophr.
1110 2320 1217 2388 physic.
1237 2320 1296 2388 opi-

122 2393 196 2447 nion.
217 2393 252 2446 de
272 2409 343 2446 sens.
363 2397 387 2446 δ.
406 2411 433 2461 p.
453 2396 514 2447 500.
530 2406 556 2444 14
568 2390 602 2447 D.

213 2466 239 2533 1)
259 2463 386 2517 Laertius
401 2462 482 2531 Diog.
498 2461 549 2515 Vll
566 2468 612 2516 ὅδε
632 2464 685 2516 ἐςτι
705 2464 734 2516 δέ
754 2466 836 2531 φωνὴ
854 2465 908 2531 ἀὴρ
922 2465 1126 2531 πεπληγμένος,
1145 2464 1211 2530 ἢτὸ
1226 2463 1296 2516 ἴδιον

122 2537 252 2602 αίςθητὸν
271 2536 411 2602 ἀκοῆς...
431 2537 505 2603 Ζῲου
530 2535 579 2599 μέν
603 2536 657 2587 ἐςτι
676 2537 759 2601 φωνὴ
779 2536 833 2602 ἀὴρ
852 2537 906 2589 ὑπὸ
927 2536 1013 2603 ὁρμῆς
1031 2536 1230 2602 πεπληγμένος,
1250 2535 1296 2588 ἀν-

123 2609 237 2673 θρώπου
253 2608 284 2659 δέ
298 2608 369 2660 ἐςτιν
384 2607 518 2672 ἔναρθρος
532 2608 584 2658 καί
599 2606 662 2658 ἀπὸ
682 2606 836 2660 διανοίας
855 2608 1101 2673 ἐκπεμπομένη.
1130 2604 1198 2673 quid
1213 2606 1297 2658 inter-

123 2679 161 2731 sit
178 2677 252 2732 inter
266 2676 392 2731 Platonis
406 2677 435 2730 ct
450 2677 608 2731 Stoicorum
623 2677 791 2731 sententiam
806 2676 906 2731 Pollux
921 2677 1022 2732 docere
1037 2680 1132 2746 potest
1146 2677 1191 2743 (11,
1201 2683 1226 2730 4.
1237 2679 1296 2741 att:

123 2752 205 2816 φωνὴ
221 2749 275 2815 ἀὴρ
289 2749 493 2815 πεπληγμένος·
507 2748 621 2815 πλήττει
635 2750 688 2814 γὰρ
703 2751 755 2815 τὴν
771 2748 953 2813 ἐπιγλωττίδα
969 2749 1136 2814 (Stoicorum
1150 2748 1297 2816 doetrina).

122 2824 139 2888 ἢ
164 2823 260 2887 πλῆξις
282 2820 375 2886 ἀέρος·
408 2819 558 2886 πλήττεται
585 2821 639 2885 γὰρ
666 2825 725 2873 τοῖς
748 2820 937 2888 φωνητηρίοις
960 2823 1004 2873 καί
1029 2823 1067 2873 ὡς
1090 2822 1186 2886 διηχὴς
1208 2820 1297 2886 ἐξηχεῖ

124 2894 177 2960 (ita
196 2891 277 2944 Plato
297 2893 341 2943 καί
360 2890 387 2943 ot
405 2891 453 2944 ἀπ’
472 2891 578 2959 αὐτοῦ).

213 2964 240 3030 2)
258 2962 374 3015 Aristot.
395 2962 429 3016 de
447 2961 542 3014 anima
560 2960 587 3013 ll
606 2967 621 3015 8
641 2979 667 3030 p.
688 2960 755 3014 420b
774 2966 821 3015 25:
851 2965 938 3017 δεῖται
961 2964 992 3016 δέ
1014 2966 1065 3029 τῆς
1088 2964 1230 3029 ἀναπνοῆς
1253 2960 1298 3015 καί

123 3036 139 3086 δ
164 3036 226 3100 περί
253 3036 306 3100 τὴν
333 3032 448 3100 καρδίαν
475 3033 562 3087 τόπος
588 3038 707 3099 πρῶτος.
751 3035 793 3086 διὸ
819 3035 971 3098 ἀναγκαῖον
999 3034 1060 3087 εἶςω
1089 3035 1297 3098 ἀναπνεομένου

123 3105 231 3158 εἰςιέναι
253 3105 304 3158 τδν
327 3104 402 3171 ἀέρα.
441 3105 511 3158 ὥςτε
534 3107 551 3171 ἡ
575 3107 667 3171 πληγὴ
694 3110 745 3159 τοί)
769 3106 977 3170 ἀναπνεομένου
1005 3106 1087 3172 ἀέρος
1112 3106 1166 3158 ὑπὸ
1192 3109 1243 3170 τῆς
1268 3106 1298 3157 ἐν

123 3178 234 3230 τούτοις
251 3182 310 3228 τοῖς
328 3175 433 3242 μορίοις
450 3181 542 3243 ψυχῆς
560 3176 629 3242 πρὸς
647 3179 700 3243 τήν
719 3178 892 3243 καλουμένην
906 3175 1040 3243 ἀρτηρίαν
1056 3177 1139 3243 φωνή
1155 3177 1226 3229 ἐςτιν
1241 3180 1297 3229 κτλ.

124 3247 157 3299 of.
185 3246 222 3299 ib.
242 3265 268 3315 p.
289 3243 356 3300 419b
375 3252 489 3300 33-35.
531 3247 615 3300 Arist.
638 3245 729 3314 probl.
748 3246 787 3299 Xl
806 3252 840 3299 23
859 3267 885 3316 p.
907 3245 973 3300 901b
994 3251 1040 3299 16:
1068 3250 1085 3314 ἡ
1114 3249 1197 3314 φωνή
1227 3248 1298 3301 ἐςτιν

124 3318 177 3386 ἀήρ
196 3334 238 3372 τις
256 3319 482 3385 ἐςχηματιςμένος
501 3321 546 3371 καί
565 3319 727 3385 φερόμενος.

214 3395 229 3442 3
265 3388 300 3443 de
320 3388 421 3444 Stoicis
439 3391 604 3443 testimonia
623 3393 823 3458 congesserunt
841 3389 988 3444 Menenius
1007 3390 1043 3443 ad
1062 3390 1155 3444 Laert.
1179 3389 1236 3458 Vll,
1256 3394 1298 3444 55.

125 3391 253 3514 Schmitit
271 3460 306 3513 de
326 3459 482 3514 Stoicorum
501 3461 685 3529 grammatica
703 3479 729 3529 p.
747 3466 850 3515 16-17
871 3437 1064 3516 ueniat-31.
1098 3462 1132 3515 cf.
1152 3467 1300 3530 praeterea

124 3530 281 3585 Pruntelius
301 3531 330 3584 in
349 3530 467 3586 historia
486 3531 595 3601 logicae
614 3534 635 3585 t.
654 3533 666 3584 I
685 3550 712 3600 p.
732 3537 863 3588 414-15.
890 3533 1012 3587 Zellerus
1032 3533 1059 3585 in
1080 3531 1180 3602 philos,
1201 3533 1297 3587 Graec.

125 3602 189 3658 hist.
209 3605 229 3656 t.
249 3601 296 3671 Ill,
317 3602 346 3657 7³
364 3622 390 3672 p.
411 3609 445 3657 68
464 3603 528 3656 adn.
548 3608 572 3656 6.

214 3675 241 3739 4)
260 3673 388 3728 Laertius
406 3675 424 3727 1.
443 3693 463 3729 s.
501 3674 599 3729 Aetius
619 3673 656 3727 Ν
675 3679 710 3730 20
728 3692 755 3743 p.
775 3681 827 3729 410
841 3673 875 3730 D.
914 3674 1076 3729 Eustathius
1095 3676 1132 3729 ad
1151 3674 1182 3729 Il.
1201 3675 1299 3728 11490

125 3764 143 3814 p
214 3817 242 3886 δ)
260 3815 350 3871 Laert.
370 3815 421 3870 Vll
441 3821 505 3883 1593
524 3818 586 3872 Aet.
607 3817 645 3871 IV
664 3823 696 3870 21
718 3835 743 3885 p.
764 3822 832 3871 411⁸
850 3823 884 3871 22
899 3817 932 3873 D.

215 3891 242 3957 6)
260 3886 322 3942 Aet.
342 3886 441 3960 [Plut]
463 3888 501 3941 Ν
521 3894 553 3942 al
573 3907 600 3957 p.
620 3893 670 3941 411
688 3887 735 3942 D.:
756 3930 784 3944 ..
804 3890 873 3957 ἀκοὴ
898 3891 928 3944 δέ
951 3894 1059 3956 πνεῦμα
1083 3892 1219 3944 διατεῖνον
1244 3888 1299 3942 ἀπὸ

125 3965 176 4014 τοί)
195 3962 361 4027 ἡγεμονικοῦ
382 3961 459 4026 μέχρι
477 3961 568 4014 ὤτων.
596 3959 633 4013 id.
654 3959 693 4012 IV
710 3964 745 4013 20
763 3978 789 4028 p.
805 3966 858 4014 410
873 3961 918 4015 D.:
939 3961 1122 4028 αἰςθανόμεθα
1140 3962 1193 4028 γάρ
1213 3962 1299 4027 αὐτῆς

126 4030 195 4093 (scil.
215 4036 265 4155 ἷης
283 4033 392 4155 φυὲνῆς)
414 4032 636 4097 προςπιπτούςης
658 4036 693 4099 τῇ
713 4031 782 4099 ἀκοῇ
807 4035 852 4085 καί
871 4033 1040 4099 ἐκτυπούςης
1059 4035 1181 4100 καθάπερ
1201 4034 1300 4086 δακτυ-

125 4102 185 4155 λίου
205 4120 243 4156 ες
261 4119 313 4169 κηρ
332 4120 357 4155 ν,

218 4175 245 4242 7)
264 4173 299 4226 cf.
319 4171 432 4241 Epicuri
452 4171 574 4242 epistola
592 4173 629 4227 ad
648 4172 822 4228 Herodotum
840 4175 933 4229 Laert.
951 4173 1033 4242 Diog.
1054 4175 1079 4228 X
1097 4180 1210 4229 52-53.
1235 4172 1300 4242 Epi-

126 4261 210 4298 curea
229 4244 271 4298 ed.
291 4243 396 4298 Usener
414 4262 441 4312 p.
462 4249 503 4310 13,
520 4249 680 4310 ιο-14,8.
709 4244 807 4299 Aetius
829 4245 927 4317 [Plut]
948 4246 985 4299 Ν
1008 4253 1081 4312 19‚a
1120 4288 1126 4301 .
1146 4250 1197 4300 408
1214 4245 1245 4300 D.
1266 4271 1300 4289 =

125 4316 158 4372 fr.
178 4322 227 4369 3⁴21
246 4314 294 4368 Ue.
328 4314 406 4368 Lucr.
429 4313 466 4366 lV
480 4319 566 4368 5⁶24—
579 4321 640 4369 614.
659 4317 684 4368 ll
703 4322 836 4371 410-13
857 4349 886 4358 -
910 4333 979 4384 quoe
998 4318 1090 4372 adfert
1135 4333 1246 4370 seuerus
1265 4317 1302 4370 ad

115 4386 239 4449 Epicuri
253 4386 271 4438 l.
292 4403 314 4439 s.
331 4405 362 4454 p.
384 4391 445 4441 377.
