2804 4778
594 217 814 282 ..15-

116 386 297 464 primoribus
321 387 500 448 conformari
524 386 599 446 dixit
621 385 727 462 verba,
751 403 828 462 quae
852 384 991 461 quoniam
1014 402 1050 442 ea
1072 401 1132 461 qua
1159 383 1289 444 iudicavi

115 478 231 537 ratione
250 478 395 536 accedunt
412 479 450 536 ad
469 496 570 551 aures,
594 477 638 535 ita
656 476 711 534 has
730 474 879 552 afficiunt,
902 477 937 532 ut
955 474 1043 548 plane
1060 473 1090 532 id
1110 473 1286 532 exaudiatur

116 567 195 642 quod
218 568 347 626 voluerit
366 567 568 627 interlocutor.
578 559 602 645 ¹)
640 564 792 624 doctrinae
818 562 1002 622 subtilitates
1026 562 1116 621 altius
1139 582 1200 622 non
1222 582 1288 637 per-

114 675 236 732 sequar3
260 656 429 715 adscribam
451 656 545 716 verba
569 654 716 730 quaedam
734 652 857 728 Epicuri
877 652 909 710 in
928 651 983 710 hac
1002 652 1068 727 ipsa
1087 650 1288 727 disputatione

114 745 251 803 adhibita
274 764 350 820 quae
374 745 516 805 reducent
538 763 593 804 nos
618 745 656 802 ad
674 742 859 803 voluminum
878 742 959 800 locos
978 740 1048 800 illos
1067 741 1145 800 unde
1164 741 1221 799 huo
1240 741 1289 799 de-

114 834 171 892 lati
190 852 301 892 sumus.

204 922 286 998 Epio.
314 923 352 981 ad
375 922 483 983 Herod.
503 922 536 981 L.
558 923 593 982 D.
613 923 639 982 Χ
658 924 706 982 53
720 941 748 996 p.
770 923 856 996 14‚a
876 918 927 978 Us.
951 914 1010 979 οὐκ
1033 914 1132 978 αὐτὸν
1156 913 1215 978 οὖν
1239 918 1289 977 δεῑ

114 1006 253 1086 νομίζειν
281 1008 339 1071 τὸν
365 1006 444 1085 ἀέρα
471 1007 534 1071 ὑπὸ
562 1012 618 1086 τῆ(
646 1007 835 1085 προιεμένης
864 1009 976 1083 φωνῆε
1005 1006 1025 1083 ἢ
1049 1005 1100 1068 καὶ
1123 1007 1189 1067 τῶν
1213 1002 1288 1082 ὁμο-

114 1099 221 1172 γενῶν
240 1095 475 1175 τχηματὶῑεεθαι
500 1095 639 1180 (πολλὴν
660 1095 722 1174 γὰρ
741 1094 868 1159 ἔνδειαν
888 1094 950 1159 έξει
968 1097 1064 1157 τοῦτο
1084 1091 1216 1171 πάεχειν
1236 1090 1289 1155 ὑπ’

114 1182 263 1270 ἐκείνηε),
292 1183 363 1248 ἀλλ’
386 1185 479 1249 εὐθὺ(
507 1188 574 1264 τὴν
601 1185 808 1262 γινομένην
837 1184 987 1261 πληγὴν
1014 1183 1054 1246 ἐν
1082 1183 1172 1260 ἡμῖν
1194 1179 1289 1245 ὅταν

114 1276 247 1354 φωνὴν
267 1272 452 1354 ἀφιῶμεν,
472 1275 623 1353 τοιαύτην
642 1273 778 1349 έγκλιειν
793 1270 899 1348 ὄγκων
918 1272 1004 1335 τινὸε
1021 1270 1178 1350 ῥεύματα(
1192 1291 1288 1334 πνευ-

114 1363 282 1440 ματώδους
315 1362 560 1443 ἀποτελειτικὴν
593 1367 761 1440 ποιεῖεθαι,
794 1363 813 1440 ἣ
841 1361 879 1424 τὸ
907 1360 1010 1424 πάθοι
1038 1361 1075 1424 τὸ
1104 1358 1289 1423 ἀκοαετικὸν

115 1453 191 1532 ἡμῖν
220 1452 457 1531 παραεκενάζει.
502 1457 671 1532 paullulum
699 1455 815 1515 variata
842 1454 978 1514 doctrina
1004 1473 1095 1530 quam
1123 1471 1213 1528 supra
1242 1472 1289 1511 ex-

113 1545 268 1621 posuimus
297 1546 457 1621 profertur.
495 1546 574 1623 quod
597 1537 757 1626 mittam.²)
783 1543 876 1604 verba
899 1545 986 1604 modo
1009 1562 1086 1620 quae
1109 1543 1220 1602 litteris
1245 1542 1289 1600 di·

114 1635 206 1694 stinxi
228 1635 317 1694 relim
342 1635 534 1694 conferantur
558 1654 623 1694 oum
647 1635 708 1693 illis
734 1651 809 1711 quae
833 1633 864 1690 in
888 1633 1038 1693 volumine
1056 1630 1129 1691 IVa
1147 1632 1288 1707 legimus:

115 1719 228 1797 καίπερ
250 1718 325 1783 ἴτω(
349 1721 524 1799 γενομένης
547 1719 634 1783 τινότ
658 1722 781 1798 πληγή(
804 1718 885 1795 πρὸ(
905 1719 963 1796 τὴν
982 1714 1094 1796 ἀκοήν,
1118 1717 1192 1799 ἐνῇ
1212 1719 1287 1793 μᾶλ-

116 1811 175 1872 λον
199 1806 239 1871 ἄν
262 1829 309 1871 τι(
332 1808 498 1874 ἐξεδέξατο
522 1810 581 1872 τὸν
604 1807 737 1886 καρπόν.
783 1812 881 1887 priore
904 1811 968 1869 loco
991 1810 1063 1886 quin
1082 1807 1187 1884 πληγή
1209 1810 1289 1868 idem

115 1902 157 1960 sit
180 1900 258 1977 quod
278 1899 373 1977 φωνή
393 1903 525 1961 dubitari
549 1901 664 1977 nequit:
691 1901 780 1960 flatus
804 1900 855 1959 ille
879 1900 1122 1975 corpusculorum
1145 1899 1289 1957 materiae

115 1991 268 2049 cuiusdam
297 1991 395 2050 aeriae
423 1994 547 2051 notatur
576 2010 664 2067 quem
692 1991 848 2066 loquentes
876 1989 1006 2048 eicimus.
1044 1988 1167 2046 eandem
1196 1987 1289 2046 inter-

113 2080 312 2156 pretationem
341 2079 429 2138 alteri
460 2080 524 2140 loco
553 2079 753 2138 adhibendam
781 2097 845 2138 esse
875 2077 971 2137 credo.
1013 2078 1085 2136 dicit
1110 2077 1175 2134 ille:
1204 2077 1230 2135 si
1258 2077 1289 2134 in

114 2187 222 2228 scaena
251 2163 338 2243 ἰαχάε
372 2187 474 2228 vocem
506 2168 713 2244 pronuntiabit
740 2171 836 2240 actor,
863 2167 941 2226 ictus
969 2166 1092 2242 quidam
1119 2165 1230 2224 incidet
1258 2165 1288 2222 in

115 2275 202 2316 aures
227 2257 428 2334 audientium,
452 2259 483 2316 in
506 2276 565 2334 quo
588 2257 636 2317 fici
658 2257 811 2317 notionem
830 2256 928 2315 inesse
948 2274 1049 2315 omnes
1069 2255 1165 2330 primo
1183 2255 1289 2313 auditu

113 2347 271 2422 putabunt.
304 2347 335 2405 in
353 2347 416 2406 ictu
434 2365 521 2405 nemo
540 2365 671 2423 unquam
690 2348 774 2406 verbi
793 2345 944 2406 notionem
959 2346 1149 2422 adseqmtm:
1182 2340 1288 2418 πληγή

113 2435 291 2494 vertendum
310 2438 357 2494 est
375 2435 473 2509 flatus,
492 2436 572 2512 quod
591 2436 744 2512 superiore
763 2436 828 2495 loco
850 2466 888 2475 —
910 2455 938 2510 p.
956 2437 995 2493 14
1018 2466 1056 2475 -
1077 2452 1186 2510 ponere
1205 2434 1288 2492 uolui

118 2526 188 2584 baec
211 2544 249 2583 ne
267 2525 478 2600 praeciperem.
514 2525 616 2604 „baim
636 2525 778 2584 Anhdren
803 2525 898 2583 dieses
918 2523 1187 2600 Sophoklesverses
1211 2523 1289 2582 trifft

117 2614 181 2671 eine
198 2613 387 2672 Schallwelle
406 2633 496 2673 unser
510 2613 581 2686 Ohr,
600 2615 631 2672 in
650 2616 703 2673 der
722 2614 776 2673 wir
795 2614 938 2673 zuntcbst
956 2613 1003 2672 die
1018 2613 1109 2690 Foige
1128 2607 1288 2674 verstehn“

115 2735 156 2743 -
177 2703 240 2762 sive
264 2703 426 2778 „verstehn
449 2700 587 2763 sollten“.
630 2703 709 2779 quod
732 2723 748 2762 e
773 2702 907 2762 doctriua
930 2702 1052 2777 Epicuri
1077 2701 1190 2760 dictum
1214 2704 1287 2776 puto

114 2792 213 2852 verbis
232 2791 396 2867 Epicureis.

204 2882 256 2939 sed
275 2882 313 2939 ab
332 2880 428 2939 altera
447 2899 565 2957 quoque
585 2883 670 2955 parte
689 2881 761 2940 lioet
779 2880 930 2956 proficere.
963 2879 1160 2954 respondetur
1179 2880 1216 2938 ab
1236 2879 1287 2939 ad-

113 2969 246 3030 versario
264 3001 301 3010 -
315 2970 374 3030 vol.
387 2972 450 3029 994
466 2968 526 3028 ΟΔ.
536 2969 580 3028 VI
592 2971 775 3046 154—155,
794 2967 963 3029 confudisse
979 2970 1063 3028 illum
1079 2987 1155 3044 quae
1169 2970 1287 3026 aurium

114 3090 156 3099 -
175 3059 194 3117 i.
214 3077 238 3118 e.
262 3077 338 3135 quae
365 3077 505 3118 sensuum
531 3059 592 3117 sint
615 3060 646 3117 et
670 3078 746 3135 quae
771 3058 888 3117 mentis.
925 3058 1004 3135 quod
1029 3058 1142 3116 nullius
1167 3059 1286 3117 scholae

115 3148 312 3208 sectatoribus
337 3148 448 3206 rectius
472 3148 600 3206 obicitur
624 3167 715 3224 quam
733 3148 902 3224 Epicureis,
925 3166 943 3205 a
966 3147 1083 3206 nemine
1107 3147 1171 3206 siue
1195 3147 1287 3206 dubio

115 3238 182 3296 aliis
202 3237 351 3297 obiectum
370 3237 465 3312 magis
486 3237 664 3295 miraremur
682 3255 779 3313 quam·
792 3237 829 3295 ab
848 3236 968 3297 homine
987 3237 1143 3312 Epicureo.
1181 3237 1287 3311 Epicu·

113 3346 182 3384 rum
200 3327 279 3384 enim
298 3327 417 3386 constat
435 3326 571 3385 sensibus
590 3325 670 3384 inter
688 3327 807 3385 criteria
826 3326 989 3385 secundum
1003 3345 1078 3402 quae
1093 3344 1197 3385 verum
1214 3326 1287 3401 quid

114 3416 154 3474 sit
173 3415 368 3474 diiudicamus
388 3415 563 3490 primarium
581 3416 680 3474 locum
697 3415 848 3475 tribuisse.
885 3414 995 3473 rationi
1019 3415 1070 3473 ille
1089 3414 1178 3473 fidem
1198 3416 1287 3473 maio-

114 3524 177 3563 rem
197 3522 286 3580 quam
306 3504 443 3563 sensibus
462 3505 568 3564 haberi
585 3505 695 3565 uoluit:
720 3503 781 3564 πᾶ(
805 3500 866 3578 γὰρ
890 3498 988 3576 λόγοι
1012 3497 1077 3563 ἀπὸ
1095 3503 1162 3563 τῶν
1181 3499 1286 3578 αἰεθή-

116 3626 328 3633 ....-——-

206 3693 231 3758 1)
251 3691 285 3745 of.
303 3689 440 3760 Epicurus
459 3709 503 3762 ap.
518 3690 609 3747 Laert.
630 3692 646 3745 l.
667 3711 688 3746 s.
707 3709 734 3761 p.
752 3698 793 3760 13,
809 3708 896 3748 12-15
910 3692 957 3746 Us.
995 3693 1074 3746 Lucr.
1093 3691 1131 3745 IV
1151 3696 1285 3746 tlt-tl:

276 3762 359 3817 hasce
377 3764 464 3833 igitur
482 3765 596 3833 penitus
614 3780 697 3818 voces
717 3781 780 3817 oum
799 3779 913 3834 corpore
932 3765 1027 3819 nostro

274 3834 455 3902 exprimimus
473 3838 605 3904 rectoque
623 3835 699 3889 foras
718 3834 871 3889 emittimus
890 3852 952 3904 oro,

275 3904 387 3958 mobilis
407 3906 539 3960 articulat
557 3906 704 3960 verborum
724 3905 844 3960 daedala
861 3905 959 3975 lingua

275 3974 483 4044 formaturaque
502 3978 642 4031 labrorum
661 3993 712 4047 pro
731 3978 812 4046 parte
830 3977 940 4047 figurat.

274 4046 328 4101 hoc
347 4047 395 4101 ubi
413 4065 470 4102 non
488 4048 604 4117 longum
623 4047 774 4118 spatiumst
790 4050 863 4103 unde
883 4066 938 4103 una
956 4050 1084 4118 profecta

274 4119 421 4187 perveniat
438 4135 493 4173 vox
512 4135 653 4188 quaeque,
671 4122 812 4173 necessest
830 4121 916 4174 verba
935 4136 1046 4188 quoque
1063 4119 1127 4191 ipsa

275 4190 359 4258 plane
379 4191 504 4244 exaudiri
524 4191 699 4259 discernique
718 4190 903 4245 articulatim:

275 4265 391 4314 servat
410 4262 496 4315 enim
516 4260 737 4315 formaturam
757 4266 940 4331 servatque
959 4263 1117 4332 figuram.

205 4334 232 4396 2)
251 4334 350 4386 contra
363 4331 613 4402 Peripateticorum
633 4333 801 4387 sententiam
819 4351 902 4402 supra
921 4364 954 4374 -
969 4352 996 4403 p.
1011 4341 1064 4388 222
1079 4336 1141 4388 adn.
1157 4343 1172 4389 2
1188 4335 1289 4402 (Arist.

114 4400 204 4473 probl.
221 4401 257 4454 Xl
273 4404 318 4473 23)
333 4433 366 4443 -
386 4403 496 4457 anobis
516 4401 643 4457 adlatam
663 4403 804 4476 disputari
821 4407 922 4460 monet
934 4404 1313 4470 bsenerusbas'xenffsx‘t.
