2804 4778
605 242 824 306 ..25-

410 409 470 469 OA.
489 409 519 467 ΙΙ
541 411 617 484 181,
637 408 694 468 vol.
715 407 801 466 Herc.
822 406 875 467 Ox.
894 407 925 466 ΙΙ
946 409 1018 468 138.

457 580 485 593 ..
517 525 646 614 (ἀθλιομ
670 530 728 606 μὲν
755 551 790 592 vs
805 524 853 612 28)

456 669 507 682 ...
526 617 722 696 ἀθλιώτερον
746 619 781 681 οὲ
804 617 842 680 τὸ

449 710 507 785 τὴν
531 707 673 771 cavean
697 705 796 785 αὐτὴν
818 705 900 785 τῶ[ν

450 797 582 873 λέξεων,
606 793 731 877 διανοίᾳ
754 814 837 870 γνω-
856 797 866 876 ΙΙ
884 819 913 874 p.
930 801 991 858 182

450 886 630 963 ριζομένην,
654 882 795 961 πότερον
818 887 901 961 φοῦ·

450 976 490 1036 λα
513 975 532 1052 ἢ
557 973 729 1051 ετουοα[ῑοι
753 971 833 1051 ἔλχει

448 1063 533 1141 relic
557 1059 687 1136 ἀλόγοιτ
711 1059 853 1140 ἀκ[οαῖ]ε
876 1061 926 1124 uui

450 1152 548 1227 μηθὲν
572 1152 801 1227 πολυπραγμο-

449 1239 577 1303 volitur(
599 1241 665 1301 τῶν
688 1237 876 1315 ἐπιτευγμά-

448 1347 514 1391 των
537 1329 556 1406 ἢ
581 1325 830 1406 οιαπτωμά[των

449 1415 612 1480 ἀνάπτειν.

218 1547 333 1606 certum
356 1544 416 1603 iam
435 1543 690 1604 Heracleodorum
709 1542 875 1602 Philodemi
894 1543 1071 1604 habebimus
1091 1545 1305 1604 adversarium.

128 1638 220 1711 atque
238 1635 295 1694 hoo
312 1652 422 1694 novum
441 1633 528 1694 nobis
549 1632 675 1708 praebet
692 1631 835 1691 indicium
853 1633 991 1692 volumen
1012 1632 1084 1693 IVb
1103 1633 1192 1693 VIIb
1211 1633 1305 1709 ipsius

127 1723 296 1783 Philodemi
314 1722 465 1783 continere
485 1721 685 1798 scriptionem.

217 1813 248 1870 in
271 1811 329 1871 fine
351 1811 559 1888 praefationis,
584 1810 656 1886 quid
680 1810 805 1886 singulis
828 1809 876 1870 his
896 1809 1150 1887 disputationibus
1170 1811 1304 1870 adsecuti

129 1903 222 1960 simus
255 1901 353 1976 placet
386 1919 559 1977 conponere.
600 1899 632 1957 in
660 1902 767 1975 quarto
796 1902 828 1958 et
856 1900 982 1974 septimo
1010 1898 1070 1959 ΟΛ.
1100 1899 1304 1961 voluminibus

129 1992 256 2049 duarum
276 1988 470 2064 scriptionum
489 1991 591 2064 partes
610 1987 766 2047 continuas
786 1987 962 2049 deteximus.
994 1989 1123 2048 alteram
1137 1988 1305 2049 Philodemi

128 2079 199 2138 libri
219 2078 341 2138 secundi
359 2077 513 2154 relliquias
533 2076 677 2152 praebere
695 2077 839 2152 exipsius
858 2077 891 2134 in
907 2077 985 2136 libro
1000 2077 1104 2152 quinto
1121 2077 1219 2138 verbis
1238 2097 1307 2145 conf

128 2167 286 2244 clusimus3
305 2167 433 2226 alteram
452 2166 549 2226 eidem
567 2165 758 2225 tribuendam
778 2182 842 2224 esse
856 2165 922 2225 veri
936 2165 1122 2224 simillimum
1136 2168 1235 2226 visum
1250 2169 1303 2226 est.

129 2259 262 2316 ceterum
284 2257 389 2316 contra
410 2275 446 2316 ea
464 2272 542 2332 quae
560 2255 592 2313 in
610 2252 780 2315 Philodemi
797 2253 876 2313 libro
896 2255 1024 2315 secundo
1042 2256 1186 2331 leguntur
1205 2255 1304 2331 dispu-

129 2347 245 2405 tantem
264 2345 457 2420 oognovimus
475 2344 575 2418 illum,
594 2341 678 2402 cuius
697 2343 790 2402 verba
809 2344 941 2403 servavit
958 2344 1100 2403 volumen
1120 2345 1198 2423 994,
1217 2363 1307 2422 quem

129 2435 167 2493 ab
182 2433 396 2509 Epicureorum
416 2432 552 2492 doctrina
565 2432 697 2492 alienum
711 2431 804 2492 fuisse
820 2432 1021 2508 exposuimus.
1049 2452 1141 2490 unum
1160 2434 1218 2492 hoc
1238 2432 1306 2491 miri

129 2522 201 2598 quid
225 2522 328 2595 habet,
351 2522 430 2596 quod
453 2524 590 2597 repertus
614 2519 716 2580 estin
739 2520 934 2593 bibliotheca,
959 2521 1162 2581 aPhilodemi
1186 2523 1305 2582 fautore

129 2611 193 2671 sive
211 2610 280 2669 Piso
303 2611 329 2669 is
352 2610 412 2668 fuit
436 2611 499 2670 sive
523 2610 600 2669 alius
623 2610 691 2686 quis
715 2609 846 2684 condita,
871 2609 993 2669 libellus
1017 2610 1050 2668 in
1073 2629 1133 2687 quo
1152 2610 1242 2670 huius
1261 2611 1306 2670 in·

129 2702 304 2776 pugnantur
323 2699 497 2758 sententiae.
531 2699 583 2758 sed
601 2699 691 2757 huius
710 2699 816 2758 domus
836 2717 912 2774 quae
931 2697 1046 2758 fuerint
1063 2699 1128 2758 lata
1146 2699 1302 2758 nescimus

129 2790 160 2848 id
180 2788 314 2848 videmus
335 2787 426 2846 etiam
445 2791 515 2863 post
532 2787 701 2847 Philodemi
723 2791 859 2863 tempora
879 2787 972 2847 libros
993 2787 1110 2847 additos
1130 2779 1236 2868 esse.¹)
1275 2791 1306 2848 et

130 2877 270 2954 quoniam
296 2878 333 2936 de
358 2877 518 2936 voluminis
544 2876 608 2937 924
631 2877 748 2935 ratione
775 2876 907 2935 iudicare
935 2876 1023 2936 aliter
1050 2895 1110 2937 non
1136 2895 1306 2954 possumus,

130 2985 221 3042 quam
245 2965 370 3024 fecimus
395 2983 486 3041 supra
509 2985 538 3040 p.
559 2966 598 3024 13
611 2984 687 3041 sqq,
716 2966 884 3024 statuamus
908 2983 1030 3024 necesse
1053 2968 1100 3024 est
1123 2966 1308 3026 adversario-

130 3074 197 3113 rum
217 3072 334 3131 quoque
352 3053 439 3113 libris
458 3058 562 3113 contra
583 3053 664 3129 ipsos
683 3053 853 3113 Philodemi
876 3054 1104 3113 commentarios
1129 3054 1305 3130 conscriptis

130 3144 228 3202 locum
247 3143 279 3201 iu
297 3140 386 3203 huius
406 3142 605 3202 bibliothecae
624 3143 735 3218 pluteis
755 3160 926 3201 concessum
946 3161 1020 3202 esse.
1057 3143 1186 3203 fortasse
1206 3143 1306 3203 Philo·

131 3232 236 3292 demus
263 3232 328 3307 ipse
357 3235 392 3290 ut
418 3223 611 3312 chrysippi2)
645 3231 703 3291 sibi
734 3231 828 3291 libros
856 3235 1072 3307 conparaverat
1099 3232 1144 3291 ita
1171 3234 1305 3309 aequalis

130 3340 248 3397 quoque
276 3319 442 3380 adversarii
467 3320 575 3379 accivit
602 3319 754 3396 libellum,
782 3323 817 3378 ut
842 3339 919 3397 quae
945 3320 996 3380 ille
1020 3323 1124 3379 contra
1146 3325 1306 3381 monuerat

131 3412 308 3486 agnosceret
327 3413 357 3468 et
376 3409 529 3468 occasione
549 3409 620 3468 data
638 3409 793 3468 refutaret.

131 3527 344 3539 ———-

222 3599 248 3667 1)
264 3595 396 3661 Suettius,
411 3595 493 3651 catal.
504 3615 531 3665 p.
544 3601 589 3658 15:
605 3596 660 3651 vol.
670 3601 721 3651 817
737 3613 848 3651 carmen
859 3595 979 3652 debello
989 3595 1305 3668 Augustihegyptiaco.

131 3668 272 3722 Baehrens
291 3669 365 3737 poet.
385 3667 433 3720 lat.
453 3668 519 3722 min.
539 3668 551 3720 I
570 3673 622 3720 212
634 3684 673 3734 sq.

221 3743 247 3806 2)
266 3738 321 3794 vol.
334 3743 401 3794 1038
412 3739 569 3806 Χρυάππου
578 3741 640 3806 περὶ
650 3739 784 3807 προνοίαε
794 3735 826 3805 β’.
849 3736 956 3794 Gercke
967 3738 1138 3810 Chrysippea
1148 3740 1180 3797 fr.
1193 3744 1308 3795 19—26.

162 4048 229 4124 ipsa
248 4048 415 4107 Philodemi
434 4049 606 4126 fragmenta
626 4068 685 4108 una
703 4067 771 4108 cum
789 4048 836 4109 his
855 4051 1075 4126 prolegomenis
1095 4053 1227 4112 eduntur
1245 4052 1277 4109 in

280 4137 464 4197 Fleckeiseni
483 4136 635 4197 annalium
653 4141 724 4198 tom.
745 4140 841 4214 suppl.
860 4139 947 4197 XVII
966 4160 995 4215 p.
1015 4142 1078 4200 237
1091 4160 1153 4218 sqq.

555 4337 884 4365 -·—0·-⁰O⁴-·0·-··-
