<?xml version="1.0" encoding="UTF-8"?>
<!DOCTYPE html PUBLIC "-//W3C//DTD XHTML 1.0 Transitional//EN"
    "http://www.w3.org/TR/xhtml1/DTD/xhtml1-transitional.dtd">
<html xmlns="http://www.w3.org/1999/xhtml" xml:lang="en" lang="en">
 <head>
  <title>
</title>
<meta http-equiv="Content-Type" content="text/html;charset=utf-8" />
  <meta name='ocr-system' content='tesseract 3.04.00' />
  <meta name='ocr-capabilities' content='ocr_page ocr_carea ocr_par ocr_line ocrx_word'/>
</head>
<body>
  <div class='ocr_page' id='page_1' title='image "./philodemiperipo00hausgoog_0033.png"; bbox 0 0 2804 4778; ppageno 0'>
   <div class='ocr_carea' id='block_1_1' title="bbox 616 672 881 748">
    <p class='ocr_par' dir='ltr' id='par_1_1' title="bbox 616 672 881 748">
     <span class='ocr_line' id='line_1_1' title="bbox 616 672 881 748; baseline 0 -2"><span class='ocrx_word' id='word_1_1' title='bbox 616 672 781 748; x_wconf 83' lang='lat' dir='ltr'>Vita.</span> <span class='ocrx_word' id='word_1_2' title='bbox 876 739 881 746; x_wconf 86' lang='lat'><em>.</em></span> 
     </span>
    </p>
   </div>
   <div class='ocr_carea' id='block_1_2' title="bbox 109 976 1334 3366">
    <p class='ocr_par' dir='ltr' id='par_1_2' title="bbox 110 976 1334 2194">
     <span class='ocr_line' id='line_1_2' title="bbox 202 976 1288 1056; baseline 0.004 -20"><span class='ocrx_word' id='word_1_3' title='bbox 202 977 373 1038; x_wconf 84' lang='lat' dir='ltr'>Fridericus</span> <span class='ocrx_word' id='word_1_4' title='bbox 393 979 550 1056; x_wconf 83' lang='lat' dir='ltr'>Augustus</span> <span class='ocrx_word' id='word_1_5' title='bbox 574 976 728 1037; x_wconf 87' lang='lat' dir='ltr'>Hausrath</span> <span class='ocrx_word' id='word_1_6' title='bbox 751 980 841 1037; x_wconf 89' lang='lat' dir='ltr'>uatus</span> <span class='ocrx_word' id='word_1_7' title='bbox 866 995 932 1037; x_wconf 91' lang='lat' dir='ltr'>sum</span> <span class='ocrx_word' id='word_1_8' title='bbox 956 977 1003 1037; x_wconf 85' lang='lat' dir='ltr'>die</span> <span class='ocrx_word' id='word_1_9' title='bbox 1026 977 1081 1036; x_wconf 87' lang='lat' dir='ltr'>XX</span> <span class='ocrx_word' id='word_1_10' title='bbox 1104 997 1196 1040; x_wconf 90' lang='lat' dir='ltr'>mens.</span> <span class='ocrx_word' id='word_1_11' title='bbox 1220 979 1288 1040; x_wconf 86' lang='lat' dir='ltr'>Iun.</span> 
     </span>
     <span class='ocr_line' id='line_1_3' title="bbox 111 1065 1287 1146; baseline 0.004 -23"><span class='ocrx_word' id='word_1_12' title='bbox 111 1083 137 1126; x_wconf 85' lang='lat' dir='ltr'>a.</span> <span class='ocrx_word' id='word_1_13' title='bbox 163 1065 379 1126; x_wconf 80' lang='lat' dir='ltr'>MDCCCLXV</span> <span class='ocrx_word' id='word_1_14' title='bbox 403 1065 598 1127; x_wconf 86' lang='lat' dir='ltr'>Caroliruhae</span> <span class='ocrx_word' id='word_1_15' title='bbox 622 1069 708 1142; x_wconf 88' lang='lat' dir='ltr'>patre</span> <span class='ocrx_word' id='word_1_16' title='bbox 731 1065 852 1144; x_wconf 83' lang='lat' dir='ltr'>Adolfo,</span> <span class='ocrx_word' id='word_1_17' title='bbox 876 1069 971 1125; x_wconf 88' lang='lat' dir='ltr'>matre</span> <span class='ocrx_word' id='word_1_18' title='bbox 995 1067 1135 1126; x_wconf 80' lang='lat' dir='ltr'>Burietta</span> <span class='ocrx_word' id='word_1_19' title='bbox 1158 1086 1173 1126; x_wconf 90' lang='lat' dir='ltr'>e</span> <span class='ocrx_word' id='word_1_20' title='bbox 1197 1071 1287 1146; x_wconf 83' lang='lat' dir='ltr'>gente</span> 
     </span>
     <span class='ocr_line' id='line_1_4' title="bbox 111 1154 1287 1236; baseline 0.004 -24"><span class='ocrx_word' id='word_1_21' title='bbox 111 1154 314 1228; x_wconf 84' lang='lat' dir='ltr'>Fallenstein‚</span> <span class='ocrx_word' id='word_1_22' title='bbox 339 1155 447 1233; x_wconf 92' lang='lat' dir='ltr'>quibus</span> <span class='ocrx_word' id='word_1_23' title='bbox 472 1154 686 1231; x_wconf 75' lang='lat' dir='ltr'><strong>superstitibus</strong></span> <span class='ocrx_word' id='word_1_24' title='bbox 709 1155 837 1233; x_wconf 79' lang='lat' dir='ltr'><strong>gaudeo.</strong></span> <span class='ocrx_word' id='word_1_25' title='bbox 881 1155 971 1213; x_wconf 91' lang='lat' dir='ltr'>fidem</span> <span class='ocrx_word' id='word_1_26' title='bbox 993 1155 1136 1232; x_wconf 90' lang='lat' dir='ltr'>profiteor</span> <span class='ocrx_word' id='word_1_27' title='bbox 1160 1168 1287 1236; x_wconf 83' lang='lat' dir='ltr'>evange-</span> 
     </span>
     <span class='ocr_line' id='line_1_5' title="bbox 111 1242 1287 1322; baseline 0.003 -22"><span class='ocrx_word' id='word_1_28' title='bbox 111 1242 210 1302; x_wconf 85' lang='lat' dir='ltr'>licam.</span> <span class='ocrx_word' id='word_1_29' title='bbox 252 1263 329 1304; x_wconf 89' lang='lat' dir='ltr'>anno</span> <span class='ocrx_word' id='word_1_30' title='bbox 353 1242 585 1304; x_wconf 81' lang='lat' dir='ltr'>MDCOOLXIX</span> <span class='ocrx_word' id='word_1_31' title='bbox 608 1243 841 1322; x_wconf 82' lang='lat' dir='ltr'>Heidelbergem</span> <span class='ocrx_word' id='word_1_32' title='bbox 864 1243 1158 1322; x_wconf 81' lang='lat' dir='ltr'>transmigraverunt</span> <span class='ocrx_word' id='word_1_33' title='bbox 1180 1264 1287 1320; x_wconf 88' lang='lat' dir='ltr'>pareu-</span> 
     </span>
     <span class='ocr_line' id='line_1_6' title="bbox 111 1331 1287 1413; baseline 0.003 -23"><span class='ocrx_word' id='word_1_34' title='bbox 111 1335 166 1408; x_wconf 87' lang='lat' dir='ltr'>tes,</span> <span class='ocrx_word' id='word_1_35' title='bbox 189 1333 291 1408; x_wconf 79' lang='lat' dir='ltr'>ibique</span> <span class='ocrx_word' id='word_1_36' title='bbox 315 1353 341 1392; x_wconf 87' lang='lat' dir='ltr'>a.</span> <span class='ocrx_word' id='word_1_37' title='bbox 364 1331 749 1393; x_wconf 81' lang='lat' dir='ltr'>MDCOOLXXHI-VHI</span> <span class='ocrx_word' id='word_1_38' title='bbox 767 1332 958 1411; x_wconf 79' lang='lat' dir='ltr'>gymnasium</span> <span class='ocrx_word' id='word_1_39' title='bbox 977 1332 1046 1409; x_wconf 85' lang='lat' dir='ltr'>adii,</span> <span class='ocrx_word' id='word_1_40' title='bbox 1065 1333 1144 1410; x_wconf 85' lang='lat' dir='ltr'>quod</span> <span class='ocrx_word' id='word_1_41' title='bbox 1163 1333 1287 1413; x_wconf 79' lang='lat' dir='ltr'>Uhligio</span> 
     </span>
     <span class='ocr_line' id='line_1_7' title="bbox 111 1420 1286 1500; baseline 0.003 -21"><span class='ocrx_word' id='word_1_42' title='bbox 111 1421 283 1481; x_wconf 74' lang='lat' dir='ltr'>etiamnunc</span> <span class='ocrx_word' id='word_1_43' title='bbox 306 1422 393 1482; x_wconf 91' lang='lat' dir='ltr'>floret</span> <span class='ocrx_word' id='word_1_44' title='bbox 415 1424 539 1483; x_wconf 90' lang='lat' dir='ltr'>rectore.</span> <span class='ocrx_word' id='word_1_45' title='bbox 573 1423 610 1481; x_wconf 88' lang='lat' dir='ltr'>ab</span> <span class='ocrx_word' id='word_1_46' title='bbox 634 1441 660 1481; x_wconf 85' lang='lat' dir='ltr'>a.</span> <span class='ocrx_word' id='word_1_47' title='bbox 683 1420 1177 1481; x_wconf 80' lang='lat' dir='ltr'>MDCCOLXXVIII-LXXXIII</span> <span class='ocrx_word' id='word_1_48' title='bbox 1199 1442 1286 1500; x_wconf 82' lang='lat' dir='ltr'>gym-</span> 
     </span>
     <span class='ocr_line' id='line_1_8' title="bbox 110 1510 1287 1587; baseline 0.003 -19"><span class='ocrx_word' id='word_1_49' title='bbox 110 1510 229 1569; x_wconf 89' lang='lat' dir='ltr'>nasium</span> <span class='ocrx_word' id='word_1_50' title='bbox 244 1511 434 1587; x_wconf 75' lang='lat' dir='ltr'>frequentavi</span> <span class='ocrx_word' id='word_1_51' title='bbox 448 1511 700 1571; x_wconf 88' lang='lat' dir='ltr'>Manuhemieuse.</span> <span class='ocrx_word' id='word_1_52' title='bbox 724 1510 911 1569; x_wconf 74' lang='lat' dir='ltr'>maturitatis</span> <span class='ocrx_word' id='word_1_53' title='bbox 926 1510 1098 1570; x_wconf 87' lang='lat' dir='ltr'>testimonio</span> <span class='ocrx_word' id='word_1_54' title='bbox 1119 1511 1287 1572; x_wconf 86' lang='lat' dir='ltr'>instructus</span> 
     </span>
     <span class='ocr_line' id='line_1_9' title="bbox 110 1597 1287 1678; baseline 0.004 -22"><span class='ocrx_word' id='word_1_55' title='bbox 110 1597 330 1678; x_wconf 82' lang='lat' dir='ltr'>Heidelbergas</span> <span class='ocrx_word' id='word_1_56' title='bbox 362 1599 470 1659; x_wconf 88' lang='lat' dir='ltr'>studiis</span> <span class='ocrx_word' id='word_1_57' title='bbox 502 1599 654 1659; x_wconf 82' lang='lat' dir='ltr'>historicis</span> <span class='ocrx_word' id='word_1_58' title='bbox 679 1602 710 1658; x_wconf 89' lang='lat' dir='ltr'>et</span> <span class='ocrx_word' id='word_1_59' title='bbox 732 1598 921 1677; x_wconf 81' lang='lat' dir='ltr'>philologieis</span> <span class='ocrx_word' id='word_1_60' title='bbox 945 1618 1000 1675; x_wconf 91' lang='lat' dir='ltr'>per</span> <span class='ocrx_word' id='word_1_61' title='bbox 1022 1602 1070 1658; x_wconf 92' lang='lat' dir='ltr'>ter</span> <span class='ocrx_word' id='word_1_62' title='bbox 1093 1619 1146 1659; x_wconf 83' lang='lat' dir='ltr'>sex</span> <span class='ocrx_word' id='word_1_63' title='bbox 1168 1619 1287 1661; x_wconf 89' lang='lat' dir='ltr'>menses</span> 
     </span>
     <span class='ocr_line' id='line_1_10' title="bbox 111 1685 1286 1763; baseline 0.003 -18"><span class='ocrx_word' id='word_1_64' title='bbox 111 1706 233 1763; x_wconf 88' lang='lat' dir='ltr'>operam</span> <span class='ocrx_word' id='word_1_65' title='bbox 265 1689 381 1749; x_wconf 76' lang='lat' dir='ltr'>navari.</span> <span class='ocrx_word' id='word_1_66' title='bbox 428 1708 497 1749; x_wconf 83' lang='lat' dir='ltr'>vere</span> <span class='ocrx_word' id='word_1_67' title='bbox 529 1708 555 1747; x_wconf 89' lang='lat' dir='ltr'>a.</span> <span class='ocrx_word' id='word_1_68' title='bbox 579 1685 851 1747; x_wconf 81' lang='lat' dir='ltr'>MDCCCLXXXV</span> <span class='ocrx_word' id='word_1_69' title='bbox 883 1688 960 1747; x_wconf 85' lang='lat' dir='ltr'>hanc</span> <span class='ocrx_word' id='word_1_70' title='bbox 992 1689 1103 1748; x_wconf 88' lang='lat' dir='ltr'>almam</span> <span class='ocrx_word' id='word_1_71' title='bbox 1130 1688 1286 1749; x_wconf 87' lang='lat' dir='ltr'>Musarum</span> 
     </span>
     <span class='ocr_line' id='line_1_11' title="bbox 111 1776 1286 1854; baseline 0.003 -19"><span class='ocrx_word' id='word_1_72' title='bbox 111 1777 211 1836; x_wconf 89' lang='lat' dir='ltr'>sedem</span> <span class='ocrx_word' id='word_1_73' title='bbox 242 1777 316 1854; x_wconf 84' lang='lat' dir='ltr'>adii,</span> <span class='ocrx_word' id='word_1_74' title='bbox 345 1777 430 1837; x_wconf 90' lang='lat' dir='ltr'>cuius</span> <span class='ocrx_word' id='word_1_75' title='bbox 453 1797 507 1853; x_wconf 91' lang='lat' dir='ltr'>per</span> <span class='ocrx_word' id='word_1_76' title='bbox 530 1777 707 1854; x_wconf 89' lang='lat' dir='ltr'>quinquiens</span> <span class='ocrx_word' id='word_1_77' title='bbox 731 1794 783 1836; x_wconf 87' lang='lat' dir='ltr'>sex</span> <span class='ocrx_word' id='word_1_78' title='bbox 805 1794 922 1835; x_wconf 89' lang='lat' dir='ltr'>menses</span> <span class='ocrx_word' id='word_1_79' title='bbox 946 1776 1020 1837; x_wconf 88' lang='lat' dir='ltr'>civis</span> <span class='ocrx_word' id='word_1_80' title='bbox 1043 1777 1096 1836; x_wconf 88' lang='lat' dir='ltr'>fui.</span> <span class='ocrx_word' id='word_1_81' title='bbox 1138 1780 1286 1839; x_wconf 89' lang='lat' dir='ltr'>autumno</span> 
     </span>
     <span class='ocr_line' id='line_1_12' title="bbox 111 1864 1286 1943; baseline 0.002 -19"><span class='ocrx_word' id='word_1_82' title='bbox 111 1866 182 1925; x_wconf 90' lang='lat' dir='ltr'>anui</span> <span class='ocrx_word' id='word_1_83' title='bbox 205 1865 508 1926; x_wconf 81' lang='lat' dir='ltr'>MDOCOLXXXVII</span> <span class='ocrx_word' id='word_1_84' title='bbox 530 1865 763 1943; x_wconf 81' lang='lat' dir='ltr'>Heidelbergam</span> <span class='ocrx_word' id='word_1_85' title='bbox 786 1865 871 1925; x_wconf 87' lang='lat' dir='ltr'>redii.</span> <span class='ocrx_word' id='word_1_86' title='bbox 904 1864 956 1923; x_wconf 91' lang='lat' dir='ltr'>ubi</span> <span class='ocrx_word' id='word_1_87' title='bbox 974 1885 1028 1941; x_wconf 89' lang='lat' dir='ltr'>per</span> <span class='ocrx_word' id='word_1_88' title='bbox 1047 1885 1163 1926; x_wconf 90' lang='lat' dir='ltr'>menses</span> <span class='ocrx_word' id='word_1_89' title='bbox 1186 1866 1286 1926; x_wconf 90' lang='lat' dir='ltr'>hiber·</span> 
     </span>
     <span class='ocr_line' id='line_1_13' title="bbox 110 1954 1287 2031; baseline 0.003 -18"><span class='ocrx_word' id='word_1_90' title='bbox 110 1973 165 2014; x_wconf 90' lang='lat' dir='ltr'>nos</span> <span class='ocrx_word' id='word_1_91' title='bbox 189 1958 332 2031; x_wconf 91' lang='lat' dir='ltr'>moratus,</span> <span class='ocrx_word' id='word_1_92' title='bbox 356 1975 426 2016; x_wconf 87' lang='lat' dir='ltr'>vere</span> <span class='ocrx_word' id='word_1_93' title='bbox 450 1955 520 2014; x_wconf 88' lang='lat' dir='ltr'>anui</span> <span class='ocrx_word' id='word_1_94' title='bbox 543 1954 728 2030; x_wconf 89' lang='lat' dir='ltr'>insequentis</span> <span class='ocrx_word' id='word_1_95' title='bbox 753 1973 885 2030; x_wconf 83' lang='lat' dir='ltr'>examen,</span> <span class='ocrx_word' id='word_1_96' title='bbox 909 1954 989 2031; x_wconf 86' lang='lat' dir='ltr'>quod</span> <span class='ocrx_word' id='word_1_97' title='bbox 1013 1955 1215 2031; x_wconf 85' lang='lat' dir='ltr'>superandum</span> <span class='ocrx_word' id='word_1_98' title='bbox 1239 1959 1287 2016; x_wconf 93' lang='lat' dir='ltr'>est</span> 
     </span>
     <span class='ocr_line' id='line_1_14' title="bbox 111 2040 1334 2121; baseline 0.002 -19"><span class='ocrx_word' id='word_1_99' title='bbox 111 2043 155 2102; x_wconf 90' lang='lat' dir='ltr'>eis</span> <span class='ocrx_word' id='word_1_100' title='bbox 178 2044 230 2120; x_wconf 92' lang='lat' dir='ltr'>qui</span> <span class='ocrx_word' id='word_1_101' title='bbox 254 2047 402 2121; x_wconf 89' lang='lat' dir='ltr'>appetunt</span> <span class='ocrx_word' id='word_1_102' title='bbox 424 2044 602 2104; x_wconf 83' lang='lat' dir='ltr'>facultatem</span> <span class='ocrx_word' id='word_1_103' title='bbox 622 2043 747 2103; x_wconf 83' lang='lat' dir='ltr'>docendi</span> <span class='ocrx_word' id='word_1_104' title='bbox 769 2043 801 2102; x_wconf 91' lang='lat' dir='ltr'>in</span> <span class='ocrx_word' id='word_1_105' title='bbox 819 2062 851 2102; x_wconf 92' lang='lat' dir='ltr'>re</span> <span class='ocrx_word' id='word_1_106' title='bbox 870 2042 991 2119; x_wconf 87' lang='lat' dir='ltr'>publica</span> <span class='ocrx_word' id='word_1_107' title='bbox 1009 2043 1170 2121; x_wconf 88' lang='lat' dir='ltr'>Badarum,</span> <span class='ocrx_word' id='word_1_108' title='bbox 1195 2042 1285 2105; x_wconf 79' lang='lat' dir='ltr'>Caro·</span> <span class='ocrx_word' id='word_1_109' title='bbox 1327 2040 1334 2050; x_wconf 77' lang='grc'><em>“</em></span> 
     </span>
     <span class='ocr_line' id='line_1_15' title="bbox 111 2132 376 2194; baseline 0.011 -4"><span class='ocrx_word' id='word_1_110' title='bbox 111 2132 230 2192; x_wconf 89' lang='lat' dir='ltr'>liruhae</span> <span class='ocrx_word' id='word_1_111' title='bbox 253 2133 376 2194; x_wconf 77' lang='lat' dir='ltr'>absolvi,</span> 
     </span>
    </p>

    <p class='ocr_par' dir='ltr' id='par_1_3' title="bbox 109 2219 1286 3278">
     <span class='ocr_line' id='line_1_16' title="bbox 201 2219 1285 2298; baseline 0.002 -18"><span class='ocrx_word' id='word_1_112' title='bbox 201 2222 367 2282; x_wconf 87' lang='lat' dir='ltr'>docue1unt</span> <span class='ocrx_word' id='word_1_113' title='bbox 390 2242 436 2281; x_wconf 92' lang='lat' dir='ltr'>me</span> <span class='ocrx_word' id='word_1_114' title='bbox 460 2220 525 2280; x_wconf 87' lang='lat' dir='ltr'>VV.</span> <span class='ocrx_word' id='word_1_115' title='bbox 546 2219 601 2282; x_wconf 82' lang='lat' dir='ltr'>CO.</span> <span class='ocrx_word' id='word_1_116' title='bbox 624 2221 762 2298; x_wconf 87' lang='lat' dir='ltr'>Bartsch,</span> <span class='ocrx_word' id='word_1_117' title='bbox 784 2220 910 2296; x_wconf 87' lang='lat' dir='ltr'>Brandt,</span> <span class='ocrx_word' id='word_1_118' title='bbox 930 2221 1285 2298; x_wconf 85' lang='lat' dir='ltr'>deDuhn,E1·dmanns·</span> 
     </span>
     <span class='ocr_line' id='line_1_17' title="bbox 111 2309 1286 2388; baseline 0.002 -20"><span class='ocrx_word' id='word_1_119' title='bbox 111 2310 252 2388; x_wconf 84' lang='lat' dir='ltr'>doerffer,</span> <span class='ocrx_word' id='word_1_120' title='bbox 284 2312 420 2386; x_wconf 79' lang='lat' dir='ltr'>Fischer,</span> <span class='ocrx_word' id='word_1_121' title='bbox 454 2309 584 2388; x_wconf 88' lang='lat' dir='ltr'>Osthoff,</span> <span class='ocrx_word' id='word_1_122' title='bbox 617 2310 735 2387; x_wconf 85' lang='lat' dir='ltr'>Bohde,</span> <span class='ocrx_word' id='word_1_123' title='bbox 768 2309 900 2388; x_wconf 79' lang='lat' dir='ltr'>Schoell,</span> <span class='ocrx_word' id='word_1_124' title='bbox 937 2309 1044 2388; x_wconf 80' lang='lat' dir='ltr'>Uhlig,</span> <span class='ocrx_word' id='word_1_125' title='bbox 1076 2309 1286 2388; x_wconf 85' lang='lat' dir='ltr'>Wachsmuth,</span> 
     </span>
     <span class='ocr_line' id='line_1_18' title="bbox 110 2398 1284 2477; baseline 0.002 -21"><span class='ocrx_word' id='word_1_126' title='bbox 110 2398 333 2477; x_wconf 85' lang='lat' dir='ltr'>Winhelmann,</span> <span class='ocrx_word' id='word_1_127' title='bbox 358 2400 582 2477; x_wconf 84' lang='lat' dir='ltr'>Zangemeister</span> <span class='ocrx_word' id='word_1_128' title='bbox 606 2399 883 2476; x_wconf 80' lang='lat' dir='ltr'>Heidelbergenses,</span> <span class='ocrx_word' id='word_1_129' title='bbox 907 2398 1082 2475; x_wconf 88' lang='lat' dir='ltr'>Buecheler,</span> <span class='ocrx_word' id='word_1_130' title='bbox 1105 2399 1140 2457; x_wconf 88' lang='lat' dir='ltr'>R.</span> <span class='ocrx_word' id='word_1_131' title='bbox 1158 2398 1284 2476; x_wconf 78' lang='lat' dir='ltr'>Kehule,</span> 
     </span>
     <span class='ocr_line' id='line_1_19' title="bbox 109 2487 1286 2566; baseline 0 -19"><span class='ocrx_word' id='word_1_132' title='bbox 109 2487 280 2565; x_wconf 87' lang='lat' dir='ltr'>Kueppers,</span> <span class='ocrx_word' id='word_1_133' title='bbox 312 2489 478 2565; x_wconf 89' lang='lat' dir='ltr'>Luebbcrt,</span> <span class='ocrx_word' id='word_1_134' title='bbox 510 2488 637 2561; x_wconf 88' lang='lat' dir='ltr'>Menzel,</span> <span class='ocrx_word' id='word_1_135' title='bbox 669 2488 785 2566; x_wconf 88' lang='lat' dir='ltr'>Meyer,</span> <span class='ocrx_word' id='word_1_136' title='bbox 818 2488 939 2565; x_wconf 88' lang='lat' dir='ltr'>Nissen,</span> <span class='ocrx_word' id='word_1_137' title='bbox 972 2487 1137 2566; x_wconf 79' lang='lat' dir='ltr'>Schwartz,</span> <span class='ocrx_word' id='word_1_138' title='bbox 1168 2487 1286 2547; x_wconf 88' lang='lat' dir='ltr'>Usener</span> 
     </span>
     <span class='ocr_line' id='line_1_20' title="bbox 109 2576 1285 2655; baseline 0.001 -20"><span class='ocrx_word' id='word_1_139' title='bbox 109 2577 292 2637; x_wconf 92' lang='lat' dir='ltr'>Bonnenses.</span> <span class='ocrx_word' id='word_1_140' title='bbox 339 2578 568 2637; x_wconf 87' lang='lat' dir='ltr'>seminariorum</span> <span class='ocrx_word' id='word_1_141' title='bbox 598 2577 819 2655; x_wconf 83' lang='lat' dir='ltr'>philologorum</span> <span class='ocrx_word' id='word_1_142' title='bbox 851 2576 1114 2654; x_wconf 82' lang='lat' dir='ltr'>Heidelbergensis</span> <span class='ocrx_word' id='word_1_143' title='bbox 1142 2580 1174 2636; x_wconf 91' lang='lat' dir='ltr'>et</span> <span class='ocrx_word' id='word_1_144' title='bbox 1204 2577 1285 2637; x_wconf 92' lang='lat' dir='ltr'>Bon-</span> 
     </span>
     <span class='ocr_line' id='line_1_21' title="bbox 111 2665 1284 2742; baseline -0.001 -17"><span class='ocrx_word' id='word_1_145' title='bbox 111 2667 210 2726; x_wconf 88' lang='lat' dir='ltr'>nensis</span> <span class='ocrx_word' id='word_1_146' title='bbox 240 2698 277 2708; x_wconf 90' lang='lat'><em>-</em></span> <span class='ocrx_word' id='word_1_147' title='bbox 310 2686 363 2742; x_wconf 91' lang='lat' dir='ltr'>per</span> <span class='ocrx_word' id='word_1_148' title='bbox 392 2685 443 2726; x_wconf 82' lang='lat' dir='ltr'>sex</span> <span class='ocrx_word' id='word_1_149' title='bbox 470 2685 586 2726; x_wconf 92' lang='lat' dir='ltr'>menses</span> <span class='ocrx_word' id='word_1_150' title='bbox 613 2665 696 2725; x_wconf 92' lang='lat' dir='ltr'>illius</span> <span class='ocrx_word' id='word_1_151' title='bbox 723 2685 778 2742; x_wconf 88' lang='lat' dir='ltr'>per</span> <span class='ocrx_word' id='word_1_152' title='bbox 803 2667 891 2725; x_wconf 88' lang='lat' dir='ltr'>terna</span> <span class='ocrx_word' id='word_1_153' title='bbox 919 2665 1095 2725; x_wconf 81' lang='lat' dir='ltr'>semenstris</span> <span class='ocrx_word' id='word_1_154' title='bbox 1124 2665 1214 2724; x_wconf 90' lang='lat' dir='ltr'>huius</span> <span class='ocrx_word' id='word_1_155' title='bbox 1242 2698 1284 2708; x_wconf 93' lang='lat'>—</span> 
     </span>
     <span class='ocr_line' id='line_1_22' title="bbox 112 2753 1284 2832; baseline 0 -17"><span class='ocrx_word' id='word_1_156' title='bbox 112 2755 209 2815; x_wconf 86' lang='lat' dir='ltr'>sodali</span> <span class='ocrx_word' id='word_1_157' title='bbox 233 2773 297 2814; x_wconf 91' lang='lat' dir='ltr'>esse</span> <span class='ocrx_word' id='word_1_158' title='bbox 321 2756 396 2814; x_wconf 91' lang='lat' dir='ltr'>mihi</span> <span class='ocrx_word' id='word_1_159' title='bbox 419 2755 504 2814; x_wconf 89' lang='lat' dir='ltr'>licuit</span> <span class='ocrx_word' id='word_1_160' title='bbox 528 2755 651 2832; x_wconf 82' lang='lat' dir='ltr'>egregia</span> <span class='ocrx_word' id='word_1_161' title='bbox 673 2755 705 2813; x_wconf 89' lang='lat' dir='ltr'>in</span> <span class='ocrx_word' id='word_1_162' title='bbox 727 2773 774 2813; x_wconf 93' lang='lat' dir='ltr'>me</span> <span class='ocrx_word' id='word_1_163' title='bbox 799 2753 931 2814; x_wconf 84' lang='lat' dir='ltr'>Schoelli</span> <span class='ocrx_word' id='word_1_164' title='bbox 955 2753 1177 2830; x_wconf 87' lang='lat' dir='ltr'>Waohsmuthi,</span> <span class='ocrx_word' id='word_1_165' title='bbox 1205 2754 1284 2815; x_wconf 90' lang='lat' dir='ltr'>Bue-</span> 
     </span>
     <span class='ocr_line' id='line_1_23' title="bbox 111 2842 1284 2904; baseline 0 -1"><span class='ocrx_word' id='word_1_166' title='bbox 111 2843 222 2903; x_wconf 89' lang='lat' dir='ltr'>eheleri</span> <span class='ocrx_word' id='word_1_167' title='bbox 250 2844 415 2904; x_wconf 86' lang='lat' dir='ltr'>Luebberti</span> <span class='ocrx_word' id='word_1_168' title='bbox 442 2843 571 2903; x_wconf 86' lang='lat' dir='ltr'>Useneri</span> <span class='ocrx_word' id='word_1_169' title='bbox 600 2843 818 2903; x_wconf 86' lang='lat' dir='ltr'>benevolentia.</span> <span class='ocrx_word' id='word_1_170' title='bbox 863 2842 1017 2903; x_wconf 86' lang='lat' dir='ltr'>seminarii</span> <span class='ocrx_word' id='word_1_171' title='bbox 1039 2842 1175 2902; x_wconf 86' lang='lat' dir='ltr'>historici</span> <span class='ocrx_word' id='word_1_172' title='bbox 1199 2843 1284 2903; x_wconf 83' lang='lat' dir='ltr'>soda-</span> 
     </span>
     <span class='ocr_line' id='line_1_24' title="bbox 110 2931 1286 3010; baseline 0 -19"><span class='ocrx_word' id='word_1_173' title='bbox 110 2933 191 2993; x_wconf 89' lang='lat' dir='ltr'>libus</span> <span class='ocrx_word' id='word_1_174' title='bbox 213 2933 341 3010; x_wconf 82' lang='lat' dir='ltr'>benigne</span> <span class='ocrx_word' id='word_1_175' title='bbox 361 2953 407 2992; x_wconf 90' lang='lat' dir='ltr'>me</span> <span class='ocrx_word' id='word_1_176' title='bbox 428 2933 588 3009; x_wconf 88' lang='lat' dir='ltr'>adscripsit</span> <span class='ocrx_word' id='word_1_177' title='bbox 605 2932 725 3010; x_wconf 74' lang='lat' dir='ltr'>Nissen,</span> <span class='ocrx_word' id='word_1_178' title='bbox 751 2931 1015 2992; x_wconf 84' lang='lat' dir='ltr'>exercitationibus</span> <span class='ocrx_word' id='word_1_179' title='bbox 1034 2951 1081 2991; x_wconf 91' lang='lat' dir='ltr'>me</span> <span class='ocrx_word' id='word_1_180' title='bbox 1101 2931 1286 2992; x_wconf 89' lang='lat' dir='ltr'>admiserunt</span> 
     </span>
     <span class='ocr_line' id='line_1_25' title="bbox 111 3020 1285 3100; baseline -0.002 -20"><span class='ocrx_word' id='word_1_181' title='bbox 111 3022 301 3100; x_wconf 83' lang='lat' dir='ltr'>philologieis</span> <span class='ocrx_word' id='word_1_182' title='bbox 331 3022 512 3099; x_wconf 89' lang='lat' dir='ltr'>Buecheler,</span> <span class='ocrx_word' id='word_1_183' title='bbox 545 3021 709 3099; x_wconf 80' lang='lat' dir='ltr'>Schwartz,</span> <span class='ocrx_word' id='word_1_184' title='bbox 737 3020 844 3099; x_wconf 83' lang='lat' dir='ltr'>Uhlig,</span> <span class='ocrx_word' id='word_1_185' title='bbox 876 3020 1077 3096; x_wconf 83' lang='lat' dir='ltr'>epigraphieis</span> <span class='ocrx_word' id='word_1_186' title='bbox 1109 3020 1285 3099; x_wconf 88' lang='lat' dir='ltr'>Buecheler,</span> 
     </span>
     <span class='ocr_line' id='line_1_26' title="bbox 112 3108 1286 3186; baseline 0 -18"><span class='ocrx_word' id='word_1_187' title='bbox 112 3110 350 3186; x_wconf 82' lang='lat' dir='ltr'>Zangemeister,</span> <span class='ocrx_word' id='word_1_188' title='bbox 373 3110 523 3170; x_wconf 88' lang='lat' dir='ltr'>historicis</span> <span class='ocrx_word' id='word_1_189' title='bbox 546 3111 857 3182; x_wconf 83' lang='lat' dir='ltr'>Erdmaunsdoerffer,</span> <span class='ocrx_word' id='word_1_190' title='bbox 879 3108 1139 3185; x_wconf 86' lang='lat' dir='ltr'>palaeographicis</span> <span class='ocrx_word' id='word_1_191' title='bbox 1161 3109 1286 3186; x_wconf 87' lang='lat' dir='ltr'>Menzel,</span> 
     </span>
     <span class='ocr_line' id='line_1_27' title="bbox 112 3198 1038 3278; baseline -0.002 -20"><span class='ocrx_word' id='word_1_192' title='bbox 112 3199 323 3277; x_wconf 81' lang='lat' dir='ltr'>paedagogieis</span> <span class='ocrx_word' id='word_1_193' title='bbox 346 3198 449 3278; x_wconf 84' lang='lat' dir='ltr'>Uhlig,</span> <span class='ocrx_word' id='word_1_194' title='bbox 472 3199 708 3277; x_wconf 81' lang='lat' dir='ltr'>ercbaeologieis</span> <span class='ocrx_word' id='word_1_195' title='bbox 732 3198 767 3257; x_wconf 83' lang='lat' dir='ltr'>de</span> <span class='ocrx_word' id='word_1_196' title='bbox 791 3198 891 3276; x_wconf 89' lang='lat' dir='ltr'>Duhu,</span> <span class='ocrx_word' id='word_1_197' title='bbox 914 3198 1038 3257; x_wconf 78' lang='lat' dir='ltr'>Kekule.</span> 
     </span>
    </p>

    <p class='ocr_par' dir='ltr' id='par_1_4' title="bbox 200 3285 1285 3366">
     <span class='ocr_line' id='line_1_28' title="bbox 200 3285 1285 3366; baseline 0 -20"><span class='ocrx_word' id='word_1_198' title='bbox 200 3288 449 3364; x_wconf 89' lang='lat' dir='ltr'>Praeceptoribus</span> <span class='ocrx_word' id='word_1_199' title='bbox 469 3289 606 3348; x_wconf 90' lang='lat' dir='ltr'>omnibus</span> <span class='ocrx_word' id='word_1_200' title='bbox 630 3288 743 3366; x_wconf 80' lang='lat' dir='ltr'>gratias</span> <span class='ocrx_word' id='word_1_201' title='bbox 762 3287 856 3348; x_wconf 85' lang='lat' dir='ltr'>habeo</span> <span class='ocrx_word' id='word_1_202' title='bbox 876 3287 1035 3364; x_wconf 80' lang='lat' dir='ltr'>maximas3</span> <span class='ocrx_word' id='word_1_203' title='bbox 1058 3285 1194 3363; x_wconf 89' lang='lat' dir='ltr'>inprimis</span> <span class='ocrx_word' id='word_1_204' title='bbox 1213 3306 1285 3346; x_wconf 89' lang='lat' dir='ltr'>vero</span> 
     </span>
    </p>
   </div>
   <div class='ocr_carea' id='block_1_3' title="bbox 110 3374 1287 3543">
    <p class='ocr_par' dir='ltr' id='par_1_5' title="bbox 110 3374 1287 3543">
     <span class='ocr_line' id='line_1_29' title="bbox 111 3374 1287 3454; baseline -0.001 -19"><span class='ocrx_word' id='word_1_205' title='bbox 111 3377 144 3437; x_wconf 85' lang='lat' dir='ltr'>F.</span> <span class='ocrx_word' id='word_1_206' title='bbox 169 3377 205 3436; x_wconf 85' lang='lat' dir='ltr'>de</span> <span class='ocrx_word' id='word_1_207' title='bbox 226 3376 329 3454; x_wconf 91' lang='lat' dir='ltr'>Duhu,</span> <span class='ocrx_word' id='word_1_208' title='bbox 353 3377 550 3454; x_wconf 86' lang='lat' dir='ltr'>Buechelero,</span> <span class='ocrx_word' id='word_1_209' title='bbox 574 3377 723 3452; x_wconf 79' lang='lat' dir='ltr'>Kehuleo,</span> <span class='ocrx_word' id='word_1_210' title='bbox 746 3375 883 3454; x_wconf 87' lang='lat' dir='ltr'>Nisseno,</span> <span class='ocrx_word' id='word_1_211' title='bbox 906 3374 1040 3435; x_wconf 91' lang='lat' dir='ltr'>Usenero</span> <span class='ocrx_word' id='word_1_212' title='bbox 1064 3374 1136 3452; x_wconf 87' lang='lat' dir='ltr'>quid</span> <span class='ocrx_word' id='word_1_213' title='bbox 1160 3375 1287 3434; x_wconf 85' lang='lat' dir='ltr'>debeam</span> 
     </span>
     <span class='ocr_line' id='line_1_30' title="bbox 110 3465 457 3543; baseline 0.014 -19"><span class='ocrx_word' id='word_1_214' title='bbox 110 3485 262 3543; x_wconf 84' lang='lat' dir='ltr'>nunquam</span> <span class='ocrx_word' id='word_1_215' title='bbox 288 3465 457 3529; x_wconf 86' lang='lat' dir='ltr'>obliviscar.</span> 
     </span>
    </p>
   </div>
   <div class='ocr_carea' id='block_1_4' title="bbox 0 0 1406 4778">
    <p class='ocr_par' dir='ltr' id='par_1_6' title="bbox 0 0 1406 4778">
     <span class='ocr_line' id='line_1_31' title="bbox 0 0 1406 4778; baseline 0 0"><span class='ocrx_word' id='word_1_216' title='bbox 0 0 1406 4778; x_wconf 95' lang='lat' dir='ltr'> </span> 
     </span>
    </p>
   </div>
  </div>
 </body>
</html>
