2804 4778
589 215 808 280 -1g..

111 372 205 451 ηχίαν
228 376 268 452 μὴ
292 374 485 439 ΑΝΠΟΘΕΝ
511 376 566 455 ru}
723 376 903 454 δυετομίαε·
928 377 946 440 ὃ
970 376 1031 455 γὰρ
1055 374 1094 441 ἂν
1119 375 1215 458 [φρά-

110 468 165 542 τῆε
189 463 384 546 caecumine]
409 486 495 543 παρα
724 486 772 529 (αι
795 487 841 529 τι(
865 468 905 544 μὴ
930 467 1074 543 δύναιτο,
1096 467 1184 548 dori-

110 553 321 636 (κολούθημα)
722 575 760 618 το
784 554 860 618 οὐδὲ
884 557 942 633 τὴν
966 554 1066 635 ἀκοὴν
1090 555 1176 637 [ἡδέ-

163 695 198 759 μὴ
219 694 253 745 ἂν
271 694 393 762 πόθενῂ
418 693 492 761 quod
513 711 543 747 vs
563 698 597 746 24
623 650 683 748 en-¹
723 664 767 707 wc
790 643 1070 725 προ(δέχε<(θ>αι’
1302 659 1335 706 2⁰

109 764 183 817 stare
202 763 312 818 videtur
331 764 409 818 caret
428 767 575 818 structura.
775 782 807 818 vs
822 770 856 817 20
874 765 928 818 ΤΑλ
948 763 1053 818 charta.

198 914 301 973 eadem
325 914 461 975 doctrina
483 916 521 974 ab
541 918 668 993 utroque
688 915 858 991 exhibetur3
882 915 937 973 hoc
960 935 1078 991 quoque
1101 916 1166 975 loco
1185 947 1229 956 -
1248 918 1283 974 ut

106 1022 135 1078 p.
158 1005 229 1064 134.
252 1006 312 1063 137
332 1004 445 1063 factum
463 1005 593 1064 vidimus
613 1004 726 1063 —ille
749 1003 798 1062 cui
821 1004 968 1063 debentur
987 1005 1112 1080 quaein
1130 1004 1282 1064 volumine

106 1091 179 1150 IVa
197 1096 330 1170 exstant,
350 1094 426 1153 alius
445 1094 540 1153 refert
558 1094 751 1179 sententiam,
778 1112 838 1169 qua
860 1093 897 1152 de
919 1094 951 1152 in
974 1093 1168 1169 sequentibus
1186 1093 1281 1169 pluri-

108 1181 164 1240 bus
184 1183 258 1258 agit.

196 1272 322 1348 denique

275 1377 335 1437 cr.
354 1379 398 1436 vr
420 1381 491 1439 143.
592 1354 594 1359 ’
720 1377 781 1437 cu.
800 1379 843 1437 iv
865 1381 936 1439 reo.
971 1377 1033 1438 cor.
1053 1379 1120 1437 mx
1140 1370 1191 1460 (fr.
1213 1371 1279 1460 11).

69 1495 84 1542 o
112 1480 557 1546 .ΑΠΑ.ΔοΝΑΙ.ΟΗΔΕΙΑ(
764 1480 943 1545 ἀποδοῦναι
966 1482 1039 1559 περὶ
1060 1479 1064 1563 Ι
1085 1477 1227 1559 ἀληθέε’.

112 1575 239 1649 ,φωνῆς
266 1568 349 1634 ἀλλα
372 1571 447 1635 Hb)
472 1592 528 1649 μη·
844 1570 952 1650 φηείν,
975 1569 1024 1634 ὅτι
1048 1571 1145 1635 οὐδὲν

105 1658 162 1722 btv
185 1659 264 1737 bride
288 1657 365 1723 ἄνευ
389 1663 455 1724 τῶν
479 1680 547 1739 φω-
641 1745 642 1748 ¹
719 1656 881 1737 δυνάμεθα
905 1660 1098 1738 φθέγξαεθαι
1122 1679 1185 1737 χω-

105 1748 249 1824 νηέντων
272 1750 466 1828 φθέγγεεθαι
719 1749 765 1825 pic
788 1750 854 1811 τῶν
878 1745 1091 1828 φωνηέντων
1115 1749 1151 1811 ἐν

54 1851 84 1898 10
112 1838 298 1901 ..οΔ.καὶ.
314 1837 371 1902 ,0.
387 1842 470 1902 soit
494 1839 534 1916 μὴ
718 1837 779 1915 γὰρ
802 1836 943 1918 rothom
967 1837 1064 1901 οὐδὲν
1088 1836 1213 1915 ἁπερεί·
1297 1851 1313 1899 o

318 1930 382 1991 κτλ.
718 1925 834 2009 δεται],
858 1925 928 1990 ἀλλ’
952 1926 1049 1990 αὐτὸ(
1072 1926 1091 1990 ὁ
1115 1921 1216 2005 ἦχο(’.

158 2065 189 2100 va
208 2053 276 2103 7-8
491 2049 565 2102 ΜΗ.
586 2089 592 2101 .

185 2121 295 2190 .ᾼΕΝΗ
307 2163 313 2175 .
325 2121 440 2174 ΑΕΟΝΥ
495 2119 593 2173 charta

193 2253 257 2313 sine
286 2253 374 2312 dubio
404 2254 506 2312 eodem
534 2272 610 2311 nexu
640 2254 806 2311 cohaerent.
849 2251 901 2311 sed
928 2271 1005 2329 quae
1030 2254 1129 2328 priore
1156 2254 1221 2314 loco
1246 2256 1278 2314 in

104 2342 208 2401 tabula
226 2343 369 2418 leguntur
386 2343 431 2401 ita
449 2342 564 2401 mendis
584 2344 691 2401 obruta
710 2342 790 2415 sunt,
809 2344 844 2400 ut
859 2342 895 2400 de
910 2342 1061 2401 sententia
1074 2343 1278 2419 recuperanda

104 2430 322 2506 desperandum
341 2432 389 2491 sit.

191 2540 268 2596 quae
287 2521 333 2580 his
352 2521 466 2580 ultimis
485 2521 603 2597 paginis
623 2519 774 2597 conposui,
794 2521 819 2579 si
838 2521 977 2580 deessent
995 2537 1031 2579 ea
1049 2521 1190 2597 aquibus
1208 2541 1276 2598 pro·

103 2609 173 2668 fecti
198 2629 314 2685 sumus,
336 2609 367 2668 id
392 2610 512 2686 quidem
536 2611 677 2669 docerent
700 2630 791 2667 unum
811 2629 847 2668 ex
865 2610 912 2669 his
932 2608 1128 2686 scriptoribus
1151 2611 1276 2670 alterius

103 2699 268 2758 sententias
291 2699 469 2775 respexisse,
495 2698 555 2758 illis
579 2698 722 2758 debemus
746 2698 824 2774 quod
849 2699 980 2775 priorem
1004 2698 1097 2758 fuisse
1115 2699 1276 2759 voluminis

102 2785 175 2846 IVa
193 2792 353 2864 auctorem,
372 2789 454 2847 illius
474 2787 720 2847 commentarium
735 2792 804 2847 ante
819 2789 919 2848 oculos
938 2786 1079 2847 habuisse
1095 2807 1172 2863 eum,
1190 2788 1275 2848 cuius

103 2877 196 2936 verba
213 2878 351 2938 volumen
374 2880 437 2937 994
457 2877 595 2955 praebet,
614 2896 668 2953 pro
687 2880 769 2937 certo
787 2877 939 2937 habemus.

192 2967 352 3026 dolendum
371 2970 417 3026 est
435 2967 514 3043 quod
529 2967 618 3026 huius
633 2967 728 3025 libelli
743 2966 950 3043 apographum
965 2965 1198 3042 Neapolitanum
1212 2968 1275 3025 tam

102 3054 235 3114 hiulcum
261 3059 307 3114 est
333 3074 367 3114 ac
391 3056 580 3130 mendosum,
612 3059 646 3114 ut
672 3056 708 3115 de
734 3056 888 3131 scriptoris
919 3054 1053 3115 doctrina
1078 3074 1173 3131 paene
1199 3054 1275 3114 nihii

102 3145 195 3203 statui
218 3146 321 3219 possit.
359 3146 396 3204 ad
419 3146 534 3204 sonitus
559 3164 661 3205 euram
685 3149 821 3220 spectant
845 3145 1015 3220 fragmenta
1038 3163 1115 3220 quae
1138 3146 1170 3203 in
1192 3149 1275 3203 ante-

102 3233 273 3292 cedentibus
293 3234 447 3310 tetigimus
467 3234 574 3294 omnia.
602 3230 680 3310 ἦχο(
700 3235 731 3292 in
747 3235 854 3293 ceteris
874 3253 991 3309 quoque
1006 3233 1181 3308 saepissime
1200 3233 1272 3308 legi·

102 3327 160 3381 tur.
193 3322 245 3382 sed
263 3323 294 3381 in
309 3323 416 3381 ultima
431 3323 518 3382 modo
533 3324 702 3399 scriptionis
721 3326 807 3399 parte
823 3323 953 3383 certiora
971 3323 1117 3399 quaedam
1136 3323 1274 3399 cognosci

101 3415 236 3485 possunt.
264 3413 333 3471 inde
350 3432 368 3471 a
382 3413 493 3489 pagina
509 3415 570 3472 181
593 3413 806 3488 disputationis
821 3412 966 3471 terminus
981 3414 1027 3471 est
1040 3407 1060 3486 ἡ
1075 3403 1274 3489 τραχύτηςῑ),

102 3500 217 3559 dicendi
232 3520 326 3577 genus
341 3521 480 3577 asperum
490 3502 569 3577 quod
586 3502 715 3561 efficitur
728 3501 889 3561 cumulatis
904 3501 1135 3560 consonantibus
1149 3504 1179 3559 et
1189 3500 1274 3560 semi-

101 3589 264 3649 vocalibus.
292 3594 391 3650 mutas
405 3592 524 3650 litteras
540 3591 591 3649 ille
608 3592 693 3650 effert
707 3591 763 3650 hac
779 3591 973 3650 similitudine
988 3608 1061 3649 usus
1075 3610 1104 3666 p.
1121 3591 1193 3661 183,
1203 3599 1220 3646 4
1231 3607 1274 3663 sq.

102 3672 208 3751 druco
223 3674 323 3739 κόλλα
337 3678 415 3755 τιεῆ
431 3674 616 3758 γόμ[φ]ο[(]
632 3678 651 3755 ἢ
667 3674 734 3738 εἴτι
744 3680 873 3740 τοιοῦτο
888 3672 998 3756 uoce]
1012 3672 1101 3755 τ[ὴ]ν
1115 3672 1274 3755 ξυλίν[η]ν

102 3763 281 3843 εύ[νθ]εειν,
306 3765 409 3829 οὕτως
432 3764 498 3843 ἔχει
522 3766 632 3828 καὶτὸ
656 3762 792 3842 ἄφωνον
811 3764 892 3844 πρὸ(
910 3764 969 3841 τὴν
986 3767 1042 3842 τῆ(
1062 3763 1177 3828 λέξεως
1202 3763 1274 3839 (ύμ-

103 3856 203 3930 πηξιν.
248 3859 327 3917 hunc
352 3859 383 3916 in
409 3860 528 3916 modum
555 3854 573 3931 ἡ
598 3858 731 3931 τραχεῖα
755 3855 836 3918 λέξις
860 3861 891 3916 et
917 3876 994 3931 quae
1021 3856 1111 3915 huius
1138 3856 1274 3914 dictionis

102 3951 218 4005 caterae
237 3947 377 4006 videntur
396 3948 523 4023 species,
546 3943 564 4019 ἡ
586 3944 668 4007 λέξι(
688 3942 841 4022 εὐπαγήε,
861 3943 880 4021 ἡ
900 3940 1169 4019 πολυγράμματος
1177 3938 1200 4026 ¹)
1220 3948 1274 4005 etc.

101 4037 272 4094 tractantur
289 4054 385 4111 nsque
404 4037 441 4094 ad
460 4037 547 4095 finem
568 4036 670 4095 libelli.

191 4124 358 4185 Oxoniense
385 4126 592 4201 apographum
621 4125 708 4200 plura
737 4123 880 4200 praebere
910 4127 999 4199 atque
1025 4123 1132 4183 melius
1158 4122 1276 4198 depicta

192 4331 218 4400 1)
236 4330 270 4384 cf.
286 4331 475 4399 Hermogenes
495 4349 521 4384 π.
542 4331 576 4385 ib.
596 4327 618 4397 β’
639 4331 679 4385 rh.
696 4328 741 4384 Gr.
757 4330 799 4386 ed.
817 4329 918 4399 Speng.
935 4328 1090 4396 11381sq,
1116 4327 1274 4382 Demetrius

89 4415 114 4446 rr.
136 4402 195 4461 ξομ,
217 4401 266 4466 Sp,
285 4401 331 4452 III
347 4407 403 4453 300
416 4419 456 4468 sq.
